1773 2651
602 157 713 192 EPP.
748 157 824 193 ΑΙ)
856 158 1115 195 ATTICVM
1459 160 1534 196 III.
1554 170 1614 196 xv

187 268 274 316 plus
309 266 466 317 ingenio
500 267 657 304 valebas
697 281 814 316 quam
855 281 938 317 ego,
972 275 1076 306 certe
1111 268 1277 306 timebas
1313 269 1452 313 minus,
1488 269 1518 307 si

186 339 309 381 potes,
343 331 445 382 erige
478 331 658 369 adflictos
693 340 731 369 et
766 331 804 369 in
836 346 884 370 eo
916 346 987 370 nos
1019 332 1132 380 iuva3
1171 333 1229 371 sin
1263 335 1396 372 omnia
1429 343 1519 372 sunt

185 397 396 443 obstructa,
426 396 466 434 id
500 395 629 446 ipsum
664 397 723 434 fac
758 404 799 434 ut
831 396 999 435 sciamus
1034 405 1071 435 et
1102 411 1174 436 nos
1205 398 1420 448 aliquando
1452 408 1518 437 aut

185 461 390 511 obiurgare
419 470 486 499 aut
513 461 776 500 communiter
803 462 994 500 consolari
1025 463 1172 501 desine.
1235 466 1319 514 Ego
1349 464 1378 502 si
1410 474 1516 502 tuam

148 536 164 566 5
186 527 303 565 fidem
333 540 568 574 accusarem,
594 541 674 565 non
702 540 764 565 me
789 527 1036 577 potissimum
1059 528 1134 566 tuis
1156 528 1267 567 tectis
1292 531 1517 578 crederemg

186 605 314 630 meam
339 591 551 630 amentiam
582 605 726 630 accuso
751 594 859 641 quod
888 606 943 629 me
968 606 990 630 a
1011 601 1048 630 te
1076 600 1228 631 tantum
1255 594 1376 632 amari
1398 609 1517 644 quan-

185 665 268 694 tum
301 671 373 707 ego
405 658 546 695 vellem
579 657 722 706 putavi.
784 659 904 706 Quod
937 657 967 695 si
1001 657 1146 705 fuisset,
1179 660 1298 697 fidem
1334 661 1512 706 eandem,

184 736 316 760 curam
345 721 533 760 maiorem
560 722 819 768 adhibuisses,
844 736 906 760 me
936 730 1040 761 certe
1066 724 1117 760 ad
1144 723 1303 761 exitium
1332 725 1516 774 praecipi-

185 795 333 825 tantem
368 787 603 832 minuisses,
637 787 731 825 istos
766 787 918 826 labores
958 801 1057 837 quos
1096 802 1201 826 nunc
1233 788 1272 826 in
1307 790 1515 839 naufragiis

127 863 166 886 10
184 852 325 891 nostris
352 852 517 902 suscipis
548 866 628 890 non
655 852 837 890 subisses.
897 853 987 901 Qua
1008 867 1047 891 re
1071 854 1131 891 fac
1152 861 1194 891 ut
1215 854 1348 892 omnia
1373 856 1424 892 ad
1452 869 1514 893 me
1533 855 1558 892 8

183 926 387 969 perspecta
414 926 451 956 et
476 919 675 968 explorata
702 917 918 967 perscribas
940 932 1092 967 meque,
1117 926 1158 956 ut
1183 918 1288 965 facis,
1311 919 1405 958 velis
1430 934 1515 958 esse

182 983 366 1033 aliquem,
394 983 583 1033 quoniam
613 982 680 1032 qui
710 983 764 1020 fui
794 990 831 1021 et
861 983 929 1032 qui
959 997 1043 1021 esse
1074 983 1183 1033 potui
1214 983 1290 1022 iam
1321 998 1405 1023 esse
1436 999 1516 1023 non

183 1062 357 1099 possum,
380 1056 418 1086 et
445 1055 487 1086 ut
514 1047 574 1086 his
600 1047 735 1085 litteris
766 1061 845 1085 non
876 1055 914 1085 te
944 1049 1013 1086 sed
1045 1061 1107 1086 me
1137 1048 1265 1098 ipsum
1292 1062 1315 1086 a
1343 1063 1404 1087 me
1432 1063 1516 1088 esse

183 1121 411 1151 accusatum
445 1120 569 1162 putes.
635 1111 673 1150 Si
708 1111 774 1161 qui
809 1119 922 1149 erunt
957 1112 1099 1161 quibus
1139 1120 1252 1162 putes
1293 1127 1392 1163 opus
1432 1128 1516 1152 esse

130 1190 164 1221 ¹5
185 1191 274 1216 meo
296 1178 457 1217 nomine
478 1178 623 1216 litteras
644 1177 738 1224 dari,
754 1177 869 1216 velim
892 1177 1116 1216 conscribas
1138 1191 1329 1228 curesque
1349 1180 1512 1218 dandas.

187 1245 290 1281 Data
310 1255 404 1281 xl111
428 1244 516 1281 Kal.
541 1244 644 1293 Sept.

227 1387 337 1422 XVI
439 1390 506 1422 Ser.
534 1391 775 1422 Thessalonicae
789 1391 839 1421 xii
851 1390 893 1421 K.
915 1390 1002 1431 Sept.
1022 1401 1052 1422 a.
1074 1392 1137 1432 696
1156 1392 1246 1433 (585.

605 1468 779 1499 CICERO
803 1468 975 1499 ATTICO
1002 1468 1100 1499 SAL.

237 1547 385 1584 Totum
426 1545 497 1585 iter
536 1545 631 1583 mihi
671 1545 861 1584 incertum
902 1545 993 1583 facit
1028 1546 1267 1595 exspectatio
1302 1546 1513 1586 litterarum

126 1625 164 1647 20
183 1618 398 1649 vestrarum
420 1613 508 1649 Kal.
534 1610 663 1649 Sextii.
687 1612 876 1649 datarum.
938 1612 1041 1648 Nam
1068 1610 1098 1648 si
1124 1624 1212 1660 spes
1237 1611 1318 1658 erit,
1338 1612 1512 1662 Epirum,

183 1675 214 1713 si
255 1676 395 1723 minua
438 1676 625 1726 Cyzicum
668 1684 735 1713 aut
778 1674 885 1713 aliud
931 1674 1080 1724 aliquid
1123 1689 1344 1725 sequemur.
1404 1679 1515 1716 Tuae

182 1740 344 1790 quidem
366 1741 515 1779 litterae
536 1755 615 1790 quo
636 1740 790 1790 saepius
811 1753 833 1777 a
850 1753 912 1778 me
933 1741 1123 1789 leguntur,
1140 1741 1215 1779 hoc
1236 1754 1345 1791 spem
1368 1742 1514 1780 faciunt

184 1804 278 1842 mihi
305 1805 523 1852 minorem:
553 1819 654 1855 quae
679 1819 769 1843 cum
796 1835 803 1842 .
834 1835 840 1842 .
870 1835 877 1841 .
908 1835 914 1841 .
944 1805 1067 1842 lectae
1098 1812 1197 1851 sunt,
1222 1813 1305 1842 tum
1336 1805 1375 1844 id
1406 1808 1514 1855 quod

181 1871 395 1908 attulerunt
421 1871 471 1908 ad
502 1883 613 1919 spem
644 1869 854 1915 infirmant,
878 1876 919 1906 ut
945 1868 1057 1906 facile
1083 1877 1267 1919 appareat
1296 1878 1332 1907 te
1360 1878 1397 1909 et
1425 1884 1515 1909 con-

125 1948 161 1979 25
183 1934 365 1972 solationi
400 1935 541 1973 servire
576 1942 613 1972 et
645 1933 804 1972 veritati.
867 1935 1006 1983 Itaque
1041 1941 1078 1971 te
1114 1947 1207 1983 rogo
1242 1936 1356 1983 plane
1391 1943 1432 1973 ut
1464 1937 1514 1973 ad

184 2014 246 2038 me
276 2014 377 2050 quae
408 2000 507 2038 scies
542 2007 581 2037 ut
613 2007 737 2045 erunt,
769 2012 869 2048 quae
905 1997 1061 2048 putabis
1096 1998 1148 2036 ita
1183 1999 1338 2037 scribas.
1414 2002 1516 2038 Data

182 2078 243 2103 xli
277 2068 363 2104 Kal.

225 2180 245 2206 4
270 2169 413 2198 comiter
439 2167 556 2198 Lamb.
589 2173 676 2207 vu'lg.
784 2170 804 2198 6
830 2178 882 2198 me
909 2165 983 2197 add.
1014 2167 1100 2197 Crat.
1215 2178 1250 2197 21
1279 2168 1367 2198 aliud
1385 2168 1512 2207 aliquid

187 2211 391 2251 lVesenberg:
416 2211 505 2242 aliud
522 2212 601 2250 quid
621 2211 669 2248 M,
684 2210 741 2241 sed
759 2222 785 2241 ts
804 2211 838 2249 (l.
856 2212 912 2247 20)
928 2214 1001 2250 post
1019 2221 1094 2240 nam
1116 2210 1239 2240 incuria
1258 2211 1403 2250 quadam
1421 2213 1511 2242 aliud

181 2255 307 2294 aliquid
326 2256 424 2295 (linea
440 2254 598 2285 subducta
610 2258 720 2294 postea
737 2254 891 2289 deletum)
911 2265 975 2284 non
993 2253 1082 2283 aliud
1100 2254 1181 2291 quid
1198 2254 1368 2284 addiderat
1469 2265 1511 2294 23

181 2298 284 2339 quae]
306 2309 370 2337 que
390 2298 462 2329 M'2:
498 2309 597 2337 quam
628 2297 682 2326 M¹
701 2309 707 2328 :
735 2299 824 2336 quod
843 2297 873 2327 Z
1013 2297 1135 2336 lectae]
1155 2297 1264 2328 laetae
1281 2298 1331 2328 Z:
1357 2298 1510 2329 conlatae

181 2342 258 2372 coni.
274 2341 376 2373 Reid:
402 2342 558 2372 lacunam
576 2342 620 2371 ita
635 2341 793 2381 supplevit
810 2341 986 2371 Lehmann
1004 2351 1090 2379 quae
1103 2339 1200 2381 <curn
1219 2341 1327 2371 laetae
1345 2343 1414 2372 sint
1432 2343 1509 2372 durn

183 2385 350 2424 leguntur.
369 2385 466 2427 cum>
483 2386 590 2415 lectae
605 2390 695 2423 sunt,
710 2390 778 2415 turn
869 2395 909 2422 24
934 2383 1115 2414 attulerant
1142 2383 1272 2414 Ermsts
1358 2387 1399 2415 26
1423 2385 1512 2415 scies

187 2427 392 2470 Wesenbetg:
416 2430 482 2459 scis
500 2428 539 2457 M
629 2432 705 2468 post
720 2429 850 2458 scribas
869 2427 945 2458 add.
967 2432 1000 2457 ut
1020 2428 1153 2466 putabis
1172 2427 1291 2458 Rosius
1307 2439 1344 2458 ex
1360 2429 1389 2459 Z
