1773 2651
223 635 270 664 10

180 195 228 231 V.
252 204 314 230 xx
644 195 698 231 M.
732 194 899 231 TVLLI
932 193 1238 231 CICERONIS

289 317 352 342 me
379 312 484 342 certa
510 305 560 343 de
590 312 627 342 te
657 312 694 342 et
724 318 746 342 a
776 312 813 342 te
843 305 990 342 referat.
1050 303 1183 341 Alexis
1208 304 1316 352 quod
1347 302 1442 339 mihi
1473 302 1616 341 totiens

289 371 454 408 salutem
476 370 663 409 adscribit
685 377 741 408 est
763 377 914 418 gratum
934 384 940 411 ;
970 370 1039 407 sed
1060 382 1128 406 cur
1148 381 1228 406 non
1250 368 1329 405 suis
1356 367 1490 405 litteris
1511 367 1617 405 idem

289 435 380 474 facit
412 437 521 486 quod
555 449 666 474 meus
704 436 754 473 ad
794 443 831 473 te
870 434 1002 472 Alexis
1042 434 1161 472 facit?
1219 433 1384 471 Phemio
1423 433 1620 482 quaeritur

291 502 406 550 κέρας.
466 502 544 539 Sed
578 502 676 539 haec
711 501 911 538 hactenus.
973 500 1078 537 Cura
1108 506 1150 536 ut
1182 500 1310 536 valeas
1345 506 1383 536 et
1423 506 1463 535 ut
1498 497 1618 535 sciam

289 567 451 616 quando
471 565 619 615 cogites
642 567 823 603 Romam.
886 564 1015 602 Etiam
1036 571 1155 613 atque
1176 563 1294 601 etiam
1315 564 1410 600 vale.

343 633 432 669 Tua
461 638 628 680 tuosque
658 631 833 668 Thermo
863 637 901 667 et
930 641 1114 679 praesens
1146 627 1293 678 Ephesi
1323 626 1620 676 diligentissime

290 697 612 734 commendaram
641 703 678 733 et
706 708 811 732 nunc
839 707 907 744 per
934 694 1078 732 litteras
1104 693 1313 743 ipsumque
1343 692 1514 730 intellexi
1535 705 1620 730 esse

290 761 582 812 perstudiosum
614 760 679 798 tui.
739 762 802 798 Tu
824 760 952 805 velim,
977 760 1085 809 quod
1115 767 1231 797 antea
1257 760 1308 796 ad
1336 766 1373 796 te
1401 756 1547 807 scripsi,
1570 758 1620 795 de

289 829 411 866 domo
434 826 638 864 Pammeni
664 827 733 864 des
755 839 913 876 operam
940 832 981 862 ut
1002 825 1110 874 quod
1132 832 1200 862 tuo
1229 837 1397 873 meoque
1425 821 1620 861 beneficio

289 906 385 942 puer
424 893 543 930 habet
582 905 693 930 cures
727 904 776 929 ne
815 904 893 940 qua
938 889 1087 928 ratione
1126 891 1376 927 convellatur.
1454 887 1620 938 Vtrique

290 965 466 997 nostrum
489 959 700 996 honestum
723 956 902 994 existimo
918 970 927 1003 3
958 964 1041 994 tum
1064 954 1159 992 mihi
1181 954 1249 993 erit
1271 961 1503 1004 pergratum.

334 1103 444 1139 XXI
621 1104 688 1137 Ser.
711 1103 885 1135 Laodiceae
901 1103 950 1134 Id.
970 1103 1060 1134 Febr.
1079 1114 1109 1134 α.
1132 1113 1192 1143 704
1212 1104 1299 1144 (χο).

711 1187 886 1218 CICERO
911 1186 1082 1217 ATTICO
1109 1186 1207 1217 SAL.

344 1277 403 1313 Te
432 1274 470 1312 in
497 1273 659 1324 Epirum
692 1275 842 1311 salvum
864 1272 1016 1310 venisse
1044 1279 1092 1318 et,
1116 1279 1157 1309 ut
1187 1271 1333 1317 scribis,
1358 1284 1404 1309 ex
1428 1270 1622 1310 sententia

291 1340 492 1390 navigasse
509 1340 762 1377 vehementer
782 1338 947 1388 gaudeo,
965 1350 1044 1375 non
1066 1350 1151 1374 esse
1169 1338 1322 1374 Romae
1338 1350 1428 1374 meo
1444 1344 1621 1386 tempore

291 1404 582 1456 pernecessario
614 1405 855 1442 submoleste
888 1404 980 1441 fero.
1042 1404 1134 1440 Hoc
1167 1415 1229 1440 me
1268 1409 1399 1440 tamen
1440 1403 1623 1439 consolor

292 1486 373 1510 uno
391 1487 397 1509 ;
428 1484 542 1521 spero
563 1478 600 1508 te
621 1469 707 1507 istic
728 1469 900 1507 iucunde
922 1468 1094 1506 hiemare
1121 1475 1158 1505 et
1179 1467 1345 1505 libenter
1365 1467 1620 1516 requiescere.

250 1549 275 1576 2
298 1539 339 1576 C.
365 1536 538 1580 Cassius,
565 1537 680 1573 frater
711 1536 761 1584 Q.
784 1534 895 1574 Cassi
928 1533 1125 1571 familiaris
1155 1532 1222 1579 tui,
1255 1532 1508 1582 pudentiores
1539 1532 1623 1570 illas

293 1603 439 1641 litteras
478 1601 635 1639 miserat
674 1602 723 1639 de
763 1600 906 1650 quibus
946 1607 987 1637 tu
1027 1613 1073 1637 ex
1111 1612 1174 1636 me
1213 1598 1375 1647 requiris
1414 1597 1509 1647 quid
1549 1597 1623 1636 sibi

293 1667 487 1706 voluerint
508 1680 627 1716 quam
649 1679 713 1704 eas
739 1679 835 1715 quas
857 1672 993 1715 postea
1021 1664 1135 1711 misit,
1160 1663 1303 1713 quibus
1333 1676 1401 1713 per
1421 1676 1462 1701 se
1489 1662 1622 1701 scribit

293 1737 519 1775 confectum
540 1748 625 1774 esse
648 1734 872 1772 Parthicum
894 1735 1054 1772 bellum.
1106 1734 1365 1771 Recesserant
1386 1730 1438 1768 illi
1460 1729 1622 1780 quidem

292 1803 343 1840 ab
364 1800 579 1839 Antiochia
599 1807 690 1838 ante
714 1799 845 1837 Bibuli
866 1800 1082 1837 adventum
1105 1799 1174 1836 sed
1200 1799 1309 1835 nullo
1336 1803 1471 1834 nostro
1494 1798 1621 1845 εὐημε-

290 1868 450 1917 ρήματι;
488 1865 607 1903 hodie
638 1878 729 1902 vero
759 1864 935 1902 hiemant
965 1863 1004 1901 in
1040 1862 1296 1912 Cyrrhestica,
1330 1860 1624 1910 maximumque

292 1932 440 1970 bellum
480 1931 694 1980 impendet.
754 1931 858 1967 Nam
894 1937 932 1967 et
967 1928 1092 1967 Orodi
1127 1927 1225 1977 regis
1256 1928 1488 1965 Parthorum
1522 1926 1623 1963 filius

292 1997 330 2035 in
363 1995 563 2047 provincia
597 2002 729 2033 nostra
761 2002 829 2041 est,
862 2008 934 2032 nec
965 1993 1119 2032 dubitat
1151 1993 1372 2039 Deiotarus,
1400 1991 1510 2030 cuius
1542 1991 1621 2029 filio

292 2071 407 2113 pacta
441 2070 499 2100 est
530 2060 757 2100 Artavasdis
792 2060 871 2098 filia
909 2074 955 2098 ex
989 2073 1069 2109 quo
1104 2058 1191 2097 sciri
1230 2066 1372 2108 potest,
1404 2057 1499 2107 quin
1531 2070 1620 2095 cum

292 2128 477 2167 omnibus
498 2126 621 2177 copiis
643 2126 725 2176 ipse
747 2125 872 2175 prima
891 2132 1038 2163 aestate
1061 2125 1290 2174 Euphraten
1312 2123 1541 2161 transiturus
1562 2122 1620 2160 sit.

294 2195 386 2242 Quo
415 2200 548 2231 autem
579 2191 643 2230 die
675 2191 786 2230 Cassi
816 2191 966 2229 litterae
996 2189 1174 2228 victrices
1204 2189 1244 2226 in
1274 2196 1411 2226 senatu
1442 2188 1624 2226 recitatae

336 2308 358 2336 9
382 2297 432 2338 ut]
454 2302 487 2327 et
505 2297 589 2327 Boot
682 2307 720 2326 10
756 2305 791 2325 11
811 2295 953 2334 Vtrique
967 2299 1116 2324 nostrum
1129 2293 1310 2323 honestum
1330 2291 1358 2321 L
1375 2292 1513 2331 (matgst
1532 2290 1619 2322 Crat.

295 2336 359 2371 Zb:
384 2351 449 2371 om.
470 2341 651 2371 honestum
673 2344 750 2371 ΣΔε
775 2340 806 2369 id
832 2349 906 2368 cum
931 2339 1110 2368 honestum
1136 2337 1267 2375 utrique
1291 2335 1469 2366 Biiclzeler:
1493 2335 1524 2364 id
1550 2345 1623 2365 cum

294 2385 429 2423 utrique
448 2390 600 2415 nostrum
619 2385 797 2414 honestum
820 2381 1008 2421 lVesenbcrg
1098 2382 1147 2419 16,
1171 2390 1207 2418 17
1233 2380 1392 2410 consolor
1410 2389 1476 2408 uno
1493 2389 1498 2408 z
1523 2388 1624 2417 spero

295 2427 453 2468 Madvig:
480 2428 659 2465 consolor3
684 2437 751 2457 non
773 2436 875 2465 spero
898 2425 986 2456 codd.
1015 2424 1126 2454 Baiter
1316 2424 1354 2453 18
1379 2422 1416 2453 C.
1437 2421 1510 2452 add.
1542 2422 1626 2451 Boot

295 2472 516 2510 pudentiores
538 2471 627 2501 V1'ct.:
652 2470 891 2509 prudentiores
907 2468 946 2497 M

1642 901 1682 923 10

1646 1347 1681 1380 15

1644 1680 1684 1703 20

1644 2007 1682 2038 25
