1732 2661
136 154 188 190 ΙΙ,
209 153 285 189 xxi
590 154 644 190 M.
678 154 845 190 TVLLI
879 154 1186 192 CICERONIS

227 264 457 314 potuissent.
518 265 596 303 Sed
628 278 718 302 cum
749 264 816 302 diu
848 266 1001 303 occulte
1031 265 1299 315 suspirassent‚
1323 273 1459 315 postea
1480 266 1557 303 iam

226 342 392 379 gemere,
416 331 467 368 ad
493 338 710 368 extremum
732 343 823 367 vero
851 329 959 378 loqui
987 343 1125 368 omnes
1155 338 1193 368 et
1223 332 1392 368 clamare
1420 344 1559 380 coepe-

184 406 208 443 3
227 402 327 432 runt.
389 395 528 444 Itaque
558 395 621 432 ille
651 401 783 432 noster
809 393 958 432 amicus
983 394 1156 432 insolens
1183 394 1377 442 infamiae,
1405 409 1558 445 semper

226 458 265 497 in
296 460 413 498 laude
437 467 621 506 versatus,
649 459 924 497 circumfluens
953 459 1086 509 gloria,
1110 461 1352 498 deformatus
1381 474 1556 510 corpore,

225 526 368 563 fractus
407 524 551 570 animo,
583 538 663 574 quo
698 537 738 562 se
777 525 952 562 conferat
983 524 1132 571 nescit3
1172 538 1418 574 progressum
1452 538 1594 575 prae-5

226 589 400 640 cipitem,
449 589 740 628 inconstantem
786 589 955 627 reditum
1004 589 1109 628 videt
1133 604 1143 637 3
1200 590 1327 628 bonos
1375 591 1556 629 inimicos

226 656 358 701 habet,
398 654 602 704 improbos
635 654 740 704 ipsos
773 667 854 692 non
893 654 1052 692 amicos,
1124 656 1184 692 Ac
1222 655 1312 693 vide
1351 655 1556 694 mollitiem

225 721 355 759 animi.
417 721 511 758 Non
541 719 650 758 tenui
678 719 856 758 lacrimas
884 734 974 758 cum
1003 720 1112 757 illum
1133 734 1165 758 a.
1190 722 1225 758 d.
1250 733 1325 758 V111
1354 723 1441 759 Kal.
1469 722 1558 759 Sex-

226 786 301 824 tilis
323 785 403 823 vidi
425 786 474 823 de
496 785 634 823 edictis
657 785 788 823 Bibuli
810 784 1118 823 contionantem.
1179 785 1259 834 Qui
1283 793 1399 823 antea
1419 785 1556 823 solitus

225 858 326 889 esset
353 850 496 888 iactare
523 863 564 888 se
589 849 976 899 magnificentissime
1003 849 1069 888 illo
1100 850 1139 887 in
1163 851 1252 888 loco
1282 864 1438 888 summo
1465 864 1555 888 cum
1579 866 1617 888 10

225 928 358 955 amore
391 914 538 965 populi,
571 914 723 953 cunctis
755 914 986 960 faventibus,
1024 922 1066 952 ut
1098 914 1161 952 ille
1193 922 1277 952 tum
1309 915 1480 963 humilis,
1514 923 1556 953 ut

226 980 422 1018 demissus
443 988 534 1026 erat,
557 987 599 1017 ut
621 979 704 1029 ipse
725 979 842 1017 etiam
868 978 953 1025 sibi,
976 992 1057 1017 non
1078 979 1123 1017 iis
1145 981 1271 1017 solum
1294 979 1360 1029 qui
1380 981 1553 1027 aderant,

181 1055 206 1091 4
226 1044 482 1095 displicebat!
541 1045 577 1084 O
598 1045 866 1094 spectaculum
896 1043 964 1081 uni
994 1045 1137 1083 Crasso
1166 1044 1394 1091 iucundum,
1418 1045 1555 1083 ceteris

226 1123 305 1147 non
327 1109 419 1148 item
440 1113 447 1147 1
487 1111 591 1147 Nam
613 1109 704 1159 quia
724 1108 924 1147 deciderat
941 1122 987 1147 ex
999 1108 1121 1156 astris,
1138 1110 1268 1158 lapsus
1285 1109 1415 1158 potius
1436 1123 1554 1159 quam

224 1188 449 1224 progressus
476 1175 692 1220 videbatur,
717 1181 764 1220 et,
789 1181 831 1211 ut
858 1175 1017 1223 Apelles
1045 1173 1076 1211 si
1097 1175 1305 1219 Venerem,
1327 1182 1394 1211 aut
1423 1176 1555 1212 Proto-
1577 1189 1613 1220 15

223 1254 342 1290 genes
377 1240 408 1278 si
438 1241 609 1290 Ialysum
643 1239 753 1277 illum
783 1252 898 1277 suum
928 1252 1053 1277 caeno
1088 1238 1255 1277 oblitum
1288 1239 1446 1285 videret,
1477 1253 1555 1277 ma-

223 1318 355 1354 gnum,
373 1306 502 1351 credo,
522 1305 716 1355 acciperet
737 1306 926 1351 dolorem,
946 1304 1001 1342 sic
1022 1317 1094 1353 ego
1115 1304 1221 1341 hunc
1243 1303 1428 1342 omnibus
1448 1317 1471 1341 a
1492 1318 1555 1342 me

224 1369 373 1418 pictum
404 1378 442 1408 et
473 1370 639 1420 politum
669 1369 760 1407 artis
791 1368 988 1407 coloribus
1019 1368 1150 1406 subito
1180 1369 1443 1406 deformatum
1473 1382 1553 1406 non

225 1434 309 1472 sine
332 1448 475 1484 magno
496 1435 632 1472 dolore
654 1433 744 1472 vidi.
795 1434 1049 1482 Quamquam
1073 1445 1191 1470 nemo
1213 1433 1375 1482 putabat
1396 1442 1554 1483 propter

225 1499 465 1538 Clodianum
498 1498 699 1548 negotium
732 1511 795 1536 me
827 1497 880 1535 illi
912 1497 1083 1535 amicum
1118 1511 1202 1536 esse
1230 1498 1388 1545 debere,
1420 1506 1551 1536 tamen
1575 1514 1613 1535 20

223 1572 354 1602 tantus
383 1563 455 1601 fuit
483 1577 594 1601 amor
623 1570 664 1600 ut
692 1561 882 1600 exhauriri
910 1563 1016 1599 nulla
1040 1569 1172 1612 posset
1202 1561 1351 1600 iniuria.
1413 1563 1552 1612 Itaque

224 1628 477 1667 Archilochia
497 1628 536 1666 in
558 1628 666 1666 illum
697 1627 826 1665 edicta
857 1627 988 1665 Bibuli
1017 1629 1165 1678 populo
1187 1627 1238 1665 ita
1260 1636 1349 1665 sunt
1380 1627 1552 1666 iucunda

223 1702 263 1732 ut
284 1708 375 1732 eum
396 1695 527 1732 locum
549 1693 616 1731 ubi
637 1700 910 1742 proponuntur
930 1706 1022 1742 prae
1043 1692 1295 1731 multitudine
1327 1706 1462 1731 eorum
1484 1693 1551 1743 qui

221 1760 355 1808 legunt
376 1758 536 1796 transire
552 1771 805 1807 nequeamuS,
823 1757 895 1807 ipsi
918 1757 970 1795 ita
990 1758 1131 1796 acerba
1147 1766 1189 1796 ut
1206 1759 1380 1796 tabescat
1401 1759 1548 1805 dolore,

221 1823 316 1861 mihi
339 1837 401 1861 me
422 1824 579 1861 hercule
605 1824 779 1869 molesta,
800 1823 908 1873 quod
937 1831 974 1862 et
995 1837 1085 1862 eum
1112 1837 1229 1873 quem
1258 1836 1412 1872 semper
1432 1823 1549 1862 dilexi
1571 1839 1608 1869 25

220 1887 336 1926 nimis
366 1888 589 1926 excruciant
616 1894 654 1925 et
684 1887 804 1926 timeo
836 1896 914 1926 tam
945 1889 1158 1926 vehemens
1188 1887 1244 1925 vir
1273 1895 1433 1937 tamque
1462 1902 1550 1926 acer

220 1952 259 1990 in
281 1954 380 1991 ferro
401 1960 438 1991 et
459 1960 538 1990 tam
569 1952 745 1990 insuetus
773 1953 1036 1991 contumeliae
1058 1967 1107 1991 ne
1128 1951 1237 1990 omni
1257 1951 1378 1990 animi
1400 1952 1549 2002 impetu

219 2017 345 2055 dolori
367 2025 404 2055 et
425 2017 649 2055 iracundiae
672 2025 815 2067 pareat.

177 2093 201 2131 5
276 2082 406 2120 Bibuli
441 2082 507 2132 qui
542 2082 589 2120 sit
624 2082 748 2121 exitus
783 2084 934 2121 futurus
969 2082 1114 2121 nescio.
1184 2084 1236 2120 Vt
1271 2095 1376 2120 nunc
1411 2096 1469 2120 res
1509 2096 1549 2120 se

218 2148 351 2194 habet,
371 2147 591 2185 admirabili
618 2147 739 2197 gloria
767 2155 838 2187 est.
897 2148 1087 2196 Quicum
1115 2146 1274 2185 comitia
1304 2146 1343 2184 in
1371 2160 1547 2185 mensem
1570 2162 1609 2191 30

218 2213 434 2250 Octobrem
466 2212 690 2258 distulisset,
718 2213 827 2262 quod
855 2214 953 2251 solet
977 2227 1023 2251 ea
1052 2226 1111 2251 res
1141 2211 1277 2262 populi
1304 2213 1546 2249 voluntatem

261 2325 280 2354 3
306 2322 422 2347 noster
439 2316 565 2346 amicus
584 2320 628 2347 Σ;
655 2317 781 2346 amicus
807 2321 922 2346 noster
947 2321 973 2346 Δ
1094 2326 1127 2345 11
1155 2315 1269 2354 populi
1297 2314 1428 2344 Nsrlffi:
1455 2314 1544 2353 publi

218 2357 350 2389 M¹PO1
532 2370 569 2398 14
595 2360 673 2390 item
699 2360 875 2390 Ascensius
901 2359 960 2400 (ed.
990 2360 1044 2398 2):
1079 2359 1165 2389 idem
1190 2358 1278 2389 codd.
1435 2357 1546 2396 potius

214 2406 289 2440 post
315 2402 429 2442 lapsus
447 2406 491 2433 E:
523 2407 599 2443 post
618 2413 818 2442 progressus
841 2408 869 2433 Δ
1030 2412 1071 2441 25
1097 2402 1199 2432 dilexi
1227 2402 1326 2432 nimis
1344 2400 1544 2431 CEHPM22

218 2445 397 2475 dileximus
415 2445 518 2475 NM¹s
