1773 2651
618 172 730 208 EPP.
763 172 840 208 AD
871 170 1129 208 ATTICVM
1418 170 1535 206 VIII.
1558 169 1603 205 iii

205 285 257 323 ad
291 298 409 334 quem
444 297 534 322 cum
574 297 700 322 essem
735 284 942 333 profectuS,
979 281 1146 332 cognovi
1176 281 1216 320 in
1251 281 1296 319 iis
1323 281 1418 319 locis
1450 294 1535 318 esse

207 352 430 398 Caesarem,
457 358 499 389 ut
533 358 617 388 tuto
650 349 856 388 Luceriam
888 348 1019 387 venire
1057 362 1137 386 non
1169 361 1338 398 possem.
1403 348 1535 384 Infero

207 416 301 453 mari
331 416 446 454 nobis
476 416 627 454 incerto
659 428 773 453 cursu
806 414 936 452 hieme
968 413 1136 451 maxima
1168 413 1431 462 navigandum
1464 419 1532 449 est.

205 482 289 530 Age
318 480 405 527 iam,
429 494 518 518 cum
548 482 661 518 fratre
687 494 736 517 an
765 479 848 516 sine
878 492 926 516 eo
953 492 1043 516 cum
1072 478 1182 516 filio?
1214 485 1253 514 at
1278 491 1357 526 quo
1386 478 1535 515 modo?

169 559 185 589 5
208 547 254 582 In
285 554 448 595 utraque
478 545 583 583 enim
614 559 653 582 re
683 558 837 582 summa
867 543 1074 581 difficultas
1104 542 1184 588 erit,
1208 555 1385 579 summus
1412 540 1534 579 animi

206 611 341 657 dolor3
381 609 447 659 qui
481 617 613 647 autem
645 609 814 658 impetus
847 607 947 645 illius
979 607 1049 645 erit
1081 607 1120 644 in
1152 620 1224 644 nos
1255 605 1429 644 absentis
1463 607 1534 643 for-

206 682 399 723 tunasque
429 682 579 712 nostras
598 677 604 711 1
643 673 781 711 Acrior
801 686 920 722 quam
942 672 980 709 in
1002 679 1232 717 ceterorum,
1251 671 1359 720 quod
1380 670 1533 720 putabit

206 740 367 777 fortasse
388 739 426 776 in
448 739 562 776 nobis
583 737 776 776 violandis
797 737 947 786 aliquid
969 750 1009 775 se
1030 737 1175 774 habere
1195 737 1394 786 populare.
1448 737 1533 785 Age

205 803 293 850 iam,
317 805 387 841 has
413 804 638 853 compedes,
662 802 790 850 fascis,
811 802 986 851 inquam,
1007 803 1079 839 hos
1099 803 1292 839 laureatos
1319 802 1463 838 ecferre
1487 813 1533 838 ex

149 884 186 905 10
207 869 317 906 Italia
337 882 455 918 quam
478 870 687 906 molestum
709 875 766 906 est
784 871 789 905 1
818 867 885 917 qui
905 874 1038 905 autem
1058 868 1168 905 locus
1188 865 1259 904 erit
1279 865 1394 903 nobis
1415 872 1530 913 tutus,

206 942 247 972 ut
268 934 344 972 iam
366 934 527 983 placatis
555 942 710 971 utamur
739 933 934 979 fluctibus,
956 940 1048 970 ante
1068 945 1187 982 quam
1214 932 1264 969 ad
1292 931 1398 968 illum
1422 943 1534 968 vene-

206 998 355 1036 rimus?
403 1000 493 1047 Qua
519 1006 650 1036 autem
680 1005 746 1036 aut
771 1011 850 1047 quo
881 997 977 1034 nihil
1007 996 1162 1035 scimus.
1221 998 1274 1034 At
1302 995 1333 1033 si
1360 995 1575 1033 restitero6

205 1071 243 1101 et
278 1063 391 1101 fuerit
423 1063 538 1101 nobis
573 1063 612 1100 in
647 1064 720 1100 hac
754 1069 863 1112 parte
898 1063 1018 1109 locus,
1050 1061 1157 1100 idem
1191 1062 1321 1099 fecero
1353 1061 1460 1110 quod
1496 1060 1534 1097 in

207 1128 359 1167 Cinnae
394 1127 666 1166 dominatione
693 1129 738 1165 L.
770 1126 989 1177 Philippus,
1013 1127 1122 1176 quod
1152 1127 1195 1164 L.
1229 1127 1402 1172 Flaccus,
1427 1126 1535 1175 quod

151 1207 185 1238 15
207 1194 255 1241 Q.
281 1192 450 1238 Mucius,
474 1206 636 1242 quoquo
665 1193 786 1230 modo
813 1205 859 1230 ea
883 1205 942 1229 res
966 1191 1058 1229 huic
1083 1191 1245 1241 quidem
1273 1190 1439 1237 cecidit;
1469 1189 1535 1239 qui

206 1266 339 1296 tamen
374 1257 427 1295 ita
460 1257 591 1295 dicere
625 1258 777 1295 solebat
816 1270 858 1294 se
896 1256 937 1294 id
971 1258 1053 1294 sore
1084 1255 1216 1294 videre
1247 1256 1356 1305 quod
1390 1256 1536 1292 factum

206 1331 264 1361 est
294 1324 363 1361 sed
392 1324 507 1360 malle
531 1335 650 1372 quam
678 1330 870 1360 armatum
897 1323 948 1360 ad
976 1321 1122 1371 patriae
1152 1321 1309 1359 moenia
1335 1321 1534 1358 accedere.

206 1388 330 1426 Aliter
350 1387 619 1436 Thrasybulus
646 1394 684 1425 et
711 1388 873 1425 fortasse
901 1386 1050 1424 melius
1112 1387 1191 1424 Sed
1216 1394 1272 1424 est
1297 1394 1401 1424 certa
1421 1398 1536 1434 quae-

206 1454 298 1491 dam
325 1452 390 1490 illa
412 1452 522 1490 Muci
550 1452 647 1490 ratio
673 1460 791 1501 atque
818 1451 1022 1498 sententia,
1045 1459 1104 1489 est
1124 1451 1188 1488 illa
1212 1451 1329 1489 etiam
1351 1449 1532 1500 Philippi,

148 1533 188 1555 20
207 1526 355 1555 etcum
383 1517 431 1554 sit
458 1530 619 1555 necesse
646 1516 787 1555 servire
814 1515 980 1566 tempori
1007 1523 1045 1554 et
1073 1529 1153 1554 non
1179 1515 1357 1553 amittere
1378 1522 1533 1564 tempus

207 1596 297 1620 cum
319 1582 366 1620 sit
387 1583 534 1620 datum.
594 1583 672 1620 Sed
694 1581 733 1619 in
754 1582 830 1619 hoc
851 1581 937 1630 ipso
961 1581 1109 1619 habent
1131 1588 1262 1618 tamen
1283 1580 1389 1618 idem
1411 1581 1534 1617 fasces

207 1647 438 1686 molestiam.
499 1646 555 1685 Sit
576 1646 681 1684 enim
706 1646 821 1684 nobis
848 1646 1009 1693 amicus,
1032 1647 1140 1695 quod
1161 1645 1353 1683 incertum
1374 1652 1442 1691 est,
1466 1644 1536 1681 sed

206 1712 279 1759 sit;
319 1713 467 1751 deferet
501 1711 755 1761 triumphum.
816 1713 935 1752 †Non
973 1710 1150 1760 accipere
1189 1724 1238 1748 ne
1273 1710 1536 1760 periculosum

207 1778 292 1825 sit,†
332 1777 570 1816 invidiosum
608 1778 660 1815 ad
698 1777 837 1815 bonos.
896 1776 962 1815 ‘O
996 1777 1101 1814 rem'
1140 1775 1270 1825 inquis
1312 1774 1535 1813 ‘difficilem

151 1857 187 1887 25
207 1850 246 1881 et
285 1842 645 1892 inexplicabilem?
696 1841 818 1891 Atqui
859 1840 1091 1891 explicanda
1139 1848 1206 1878 est.
1279 1839 1387 1888 Quid
1430 1839 1535 1877 enim

208 1907 289 1945 fieri
323 1909 481 1957 potest?
529 1909 588 1944 Ac
627 1920 677 1945 ne
715 1920 779 1944 me
817 1905 1046 1944 existimaris
1084 1906 1136 1943 ad
1175 1906 1416 1943 manendum
1451 1917 1536 1942 esse

208 1971 503 2022 propensiorem
542 1972 650 2021 quod
689 1972 799 2021 plura
833 1970 873 2008 in
907 1984 994 2008 eam
1029 1977 1179 2020 partem
1213 1969 1331 2007 verba
1364 1968 1537 2017 fecerim,

251 2087 270 2114 4
295 2077 369 2107 sine
388 2087 427 2106 eo
454 2076 630 2113 Hosmann
646 2087 652 2105 ε
677 2076 751 2106 sine
769 2080 802 2105 et
818 2074 868 2105 vel
881 2075 908 2104 si
927 2085 988 2104 nec
1012 2074 1097 2104 codd.
1203 2079 1236 2105 at
1263 2073 1468 2103 Gronovius:
1492 2083 1535 2103 an

209 2119 296 2150 codd.
313 2131 319 2150 z
344 2124 400 2150 aut
417 2119 532 2149 codices
547 2118 758 2158 Malaspt'nae
869 2128 890 2156 9
913 2118 1042 2147 ecferre
1063 2117 1182 2156 Tyrrell
1194 2129 1199 2147 :
1227 2118 1287 2147 hec
1305 2117 1355 2146 vel
1368 2116 1432 2146 hoc
1449 2116 1536 2146 serre

210 2163 298 2193 codd.
393 2173 429 2192 12
453 2163 576 2193 scimus
592 2162 837 2202 edd.pler1'que:
863 2162 1010 2191 sciemus
1027 2160 1126 2197 codd,
1143 2162 1181 2199 cf.
1196 2171 1224 2191 v,
1249 2171 1295 2198 14.
1316 2170 1336 2198 3
1440 2169 1475 2197 14
1495 2159 1531 2190 L.

208 2206 284 2236 add.
307 2205 423 2235 Lantb.
530 2207 567 2235 18
592 2211 683 2236 certa
694 2205 873 2235 Ascensius
889 2204 953 2243 (ed.
972 2206 1005 2241 2)
1027 2204 1114 2234 Crat.
1130 2215 1136 2234 ε
1161 2208 1253 2234 certe
1272 2203 1300 2233 C
1313 2202 1400 2234 codd.
1497 2213 1535 2241 19

210 2249 356 2288 Philippi
384 2249 452 2279 secl.
467 2249 535 2279 cdd.
549 2252 680 2278 recentes
691 2252 819 2288 praeder
834 2248 1069 2279 Lehmannum
1157 2258 1210 2286 23,
1227 2257 1268 2285 24
1286 2246 1362 2276 Non
1379 2247 1534 2285 accipere

210 2293 269 2332 ne]
296 2292 371 2322 Non
397 2293 553 2331 accipere
578 2292 802 2331 periculosum
828 2296 879 2321 est
901 2292 942 2320 ab
960 2291 1022 2321 hoc
1040 2290 1105 2325 (vel
1126 2291 1216 2329 apud
1241 2290 1358 2328 hunc),
1380 2290 1535 2327 accipere

210 2346 253 2365 ne
272 2334 469 2373 Lelzmamz;
490 2341 551 2375 pro
575 2346 617 2365 ne
643 2346 716 2364 cum
740 2336 772 2365 vi
794 2334 970 2364 confessiva
992 2333 1028 2373 cf
1055 2333 1146 2364 Tusc.
1169 2334 1202 2364 ii.
1231 2343 1278 2372 14,
1303 2334 1344 2364 iv.
1361 2343 1423 2371 39:
1457 2332 1534 2362 Nou

209 2379 374 2417 accipere.
398 2388 520 2409 vereor
538 2379 601 2417 (vel
614 2379 705 2417 vide)
724 2388 766 2408 ne
784 2377 1011 2417 periculosum
1031 2377 1083 2416 sit,
1103 2377 1255 2416 accipere
1273 2376 1476 2407 invidiosum
1493 2376 1535 2407 ad

210 2423 316 2452 bonos
338 2422 528 2462 Wesenberg
542 2421 665 2451 Miiller
817 2431 857 2460 25
883 2420 972 2459 Quid
996 2419 1116 2451 Klotz:
1151 2420 1207 2459 qui
1223 2419 1313 2451 codd.
1428 2417 1535 2459 enim]

210 2471 321 2496 autem
342 2465 444 2495 Orelli
530 2465 609 2495 ferri
629 2470 716 2504 escum
734 2464 803 2505 qui)
834 2464 917 2494 Reid
