1732 2661
198 150 227 188 Ι.
252 153 344 189 xvii
623 155 677 190 Μ.
710 154 878 190 TVLLI
910 154 1218 192 CICERONIS

255 276 345 301 nem
385 277 501 313 posse
535 264 731 313 coniungi.
794 264 950 302 Rides?
1009 266 1101 302 Non
1141 273 1231 302 sunt
1270 266 1368 303 haec
1408 265 1580 310 ridicula,

254 327 349 365 mihi
370 330 495 366 crede.
558 329 666 376 Quid
686 328 793 366 aliud
815 328 982 366 scribam
1003 330 1054 366 ad
1076 337 1123 374 te,
1148 329 1273 378 quid?
1332 331 1460 367 Multa
1480 339 1579 376 sunt,

252 393 321 429 sed
336 391 374 428 in
391 392 499 430 aliud
521 400 685 441 tempus.
727 396 983 441 †exspectare
1000 393 1105 439 velis,
1126 407 1236 431 cures
1258 401 1299 431 ut
1321 393 1453 431 sciam.
1497 395 1581 431 Iam

251 455 347 493 illud
378 457 557 494 modeste
584 470 689 505 rogo,
713 457 822 505 quod
844 456 1014 495 maxime
1039 457 1167 507 cupio,
1192 465 1234 495 ut
1262 471 1381 507 quam
1411 457 1581 508 primum

250 520 393 559 venias.
456 521 585 559 Nonis
612 521 915 560 Decembribus.
1603 537 1620 566 5

295 629 454 663 XVIII
630 632 698 663 Ser.
720 633 757 662 xi
771 632 847 663 Kal.
868 633 957 663 Febr.
983 644 1013 663 a.
1033 634 1097 673 694
1118 633 1198 674 (60).

665 709 841 740 CICERO
866 709 1036 741 ATTICO
1062 711 1160 742 SAL.

211 801 226 826 1
303 786 412 824 Nihil
442 786 537 824 mihi
564 801 670 825 nunc
698 787 796 825 scito
832 795 912 825 tam
945 789 1084 826 deesse
1105 802 1223 838 quam
1252 788 1455 827 hominem
1488 803 1579 827 eum

246 865 419 900 quocum
447 852 581 889 omnia
602 866 703 901 quae
731 866 794 890 me
822 866 915 890 cura
937 852 1069 902 aliqua
1092 853 1283 891 adficiunt
1304 867 1384 891 uno
1405 867 1580 892 commu-

246 916 386 962 nicem,
411 916 479 966 qui
510 931 573 955 me
603 924 719 962 amet,
747 916 814 966 qui
845 917 980 966 sapiat,
1011 917 1173 967 quicum
1203 931 1276 968 ego
1305 932 1396 956 cum
1427 920 1575 968 loquar,
1604 934 1640 956 ιο

246 981 342 1018 nihil
364 982 520 1030 fingam,
546 981 641 1018 nihil
663 981 920 1027 dissimulem,
944 981 1042 1020 nibil
1063 983 1258 1032 obtegam.
1318 983 1445 1021 Abest
1471 983 1577 1022 enirn

244 1047 359 1084 frater
380 1048 638 1095 ἀφελέστατος
658 1054 696 1085 et
716 1046 1023 1085 amantissimus.
1084 1049 1332 1089 †Metellus†
1354 1062 1434 1087 non
1456 1049 1577 1087 homo

244 1113 314 1150 sed

435 1166 569 1204 ‘litus
607 1174 747 1216 atque
786 1166 861 1204 aer
900 1173 942 1204 et
982 1166 1192 1205 solitudo
1231 1169 1374 1206 mera.’

246 1233 308 1269 Tu
329 1239 461 1270 autem
483 1231 549 1281 qui
571 1230 799 1281 saepissime
827 1244 961 1268 curam
992 1239 1029 1269 et
1056 1245 1243 1280 angorem
1263 1231 1384 1269 animi
1406 1231 1483 1270 mei
1503 1245 1578 1270 ser-
1601 1246 1637 1277 ¹5

246 1310 365 1335 mone
386 1304 424 1334 et
445 1295 610 1333 consilio
631 1295 765 1333 levasti
787 1303 866 1341 tuo,
883 1295 949 1344 qui
972 1295 1068 1332 mihi
1089 1303 1127 1333 et
1148 1295 1187 1333 in
1208 1296 1367 1345 publica
1387 1310 1426 1334 re
1447 1296 1576 1334 socius

245 1368 283 1399 et
310 1361 348 1398 in
377 1361 533 1411 privatis
554 1360 739 1398 omnibus
761 1360 943 1398 conscius
968 1368 1005 1398 et
1033 1359 1212 1398 omnium
1234 1374 1412 1399 meorum
1434 1374 1577 1399 sermo-

246 1440 339 1464 num
371 1434 408 1464 et
440 1425 692 1464 consiliorum
718 1424 912 1475 particeps
940 1439 1025 1463 esse
1057 1426 1169 1471 soles,
1199 1425 1361 1463 ubinam
1387 1427 1458 1463 es?
1516 1427 1576 1463 Ita

245 1505 331 1529 sum
366 1492 416 1529 ab
451 1490 636 1528 omnibus
674 1489 884 1528 destitutus
920 1498 961 1527 ut
1000 1497 1152 1527 tantum
1188 1489 1372 1539 requietis
1407 1490 1574 1528 habeam

244 1563 435 1605 quantum
467 1568 557 1593 cum
590 1568 708 1592 uxore
740 1562 777 1592 et
810 1554 929 1592 filiola
964 1562 1001 1592 et
1034 1553 1184 1592 mellito
1215 1553 1407 1593 Cicerone
1437 1569 1576 1593 consu·
1598 1573 1636 1593 20

245 1620 371 1658 mitur.
432 1622 536 1658 Nam
567 1620 654 1658 illae
683 1619 916 1657 ambitiosae
944 1627 1100 1657 nostrae
1122 1620 1360 1669 fucosaeque
1380 1619 1575 1658 amicitiae

245 1693 334 1723 sunt
357 1685 395 1722 in
416 1686 589 1734 quodam
612 1685 822 1734 splendore
844 1683 999 1731 forensi,
1020 1685 1187 1722 fructum
1209 1684 1472 1722 domesticum
1494 1698 1574 1723 non

245 1754 402 1791 habent.
475 1755 614 1802 Itaque
645 1766 734 1791 cum
766 1753 869 1791 bene
902 1754 1099 1802 completa
1130 1752 1273 1789 domus
1306 1757 1364 1788 est
1399 1757 1575 1800 tempore

246 1819 449 1864 matutino,
474 1832 563 1857 cum
591 1820 641 1857 ad
669 1820 796 1857 forum
824 1818 955 1868 stipati
976 1817 1156 1868 gregibus
1176 1816 1393 1854 amicorum
1414 1817 1574 1854 descen-

244 1885 385 1930 dimus,
406 1884 571 1934 reperire
592 1898 638 1923 ex
660 1898 801 1934 magna
822 1884 936 1922 turba
957 1883 1156 1922 neminem
1174 1894 1383 1931 possumus
1399 1894 1572 1930 quocum
1596 1896 1633 1927 25

287 1998 307 2026 3
329 1992 403 2028 post
419 1992 552 2026 tempus
571 1991 645 2017 recte
667 1988 937 2027 insetpunxernnl
951 1986 1017 2018 edd.
1037 1985 1203 2016 audientes
1219 1984 1337 2014 differo
1354 1983 1393 2022 cf.
1413 1983 1452 2022 Q.
1467 1984 1520 2015 Fr.
1538 1986 1570 2016 ii.

249 2042 296 2069 13.
314 2042 353 2069 3:
382 2032 440 2061 sed
459 2033 486 2061 si
509 2033 542 2061 in
566 2032 655 2062 aliud
675 2038 807 2070 tempus
825 2036 1025 2070 exspectare
1044 2028 1213 2060 Corradus
1282 2031 1356 2057 ante
1373 2033 1572 2066 exspectare

243 2075 466 2115 supplendum
485 2075 533 2104 Tu
552 2075 602 2105 sac
621 2081 656 2105 ut
674 2075 807 2114 quando
826 2085 888 2104 nos
911 2079 943 2104 te
962 2073 1011 2104 vel
1023 2073 1126 2103 simile
1149 2070 1231 2111 quid
1247 2075 1347 2111 putat
1365 2070 1571 2111 lVesenberg:

245 2120 321 2158 Quo
340 2129 399 2149 nos
417 2124 449 2149 te
468 2124 620 2157 tempore
638 2119 762 2158 supplet
775 2117 928 2148 Schmidt
1015 2128 1033 2155 4
1058 2117 1200 2146 moleste
1219 2114 1366 2146 [Baiter
1459 2125 1480 2153 9
1503 2125 1572 2145 uno

246 2162 388 2193 Mszllcr:
414 2173 480 2192 una
496 2162 582 2191 codd.
604 2161 727 2191 Vahlen
745 2162 811 2191 coll.
829 2160 911 2191 Sesl.
937 2170 1017 2198 109:
1047 2159 1146 2200 [una]
1166 2158 1295 2188 Ernesti
1436 2167 1474 2187 10
1498 2168 1571 2188 curn

247 2205 362 2236 Orelli:
389 2207 444 2236 &to
464 2211 511 2235 zet
529 2206 561 2234 in
579 2206 710 2235 rasural
725 2204 784 2234 M:
809 2215 852 2234 ex
865 2205 979 2234 animo
996 2203 1104 2233 Koch:
1132 2204 1178 2233 ita
1197 2203 1285 2241 (cum
1302 2205 1338 2230 ut
1351 2204 1426 2240 post
1440 2201 1571 2239 loquar)

245 2249 360 2279 Klotz:
388 2250 504 2279 intime
522 2249 602 2279 coni.
620 2248 705 2278 Resd
807 2257 844 2277 12
869 2247 945 2276 mei.
964 2246 1092 2276 Tullius
1110 2245 1251 2285 Madvig
1266 2244 1302 2283 cf
1319 2245 1387 2274 viii.
1409 2254 1441 2273 11
1456 2245 1570 2283 ssfin.:

247 2293 312 2322 mei
344 2292 398 2322 ille
422 2291 605 2331 Sternkopfi
630 2291 825 2331 Pompeium
850 2291 1050 2330 intellegens:
1076 2290 1160 2319 mei:
1185 2288 1270 2318 ellus
1293 2287 1463 2318 Schmidt:
1497 2291 1574 2317 certe

249 2336 406 2365 Metellus
434 2335 562 2365 tolerari
588 2335 697 2374 nequit
841 2344 877 2372 14
903 2343 961 2363 aer
986 2333 1035 2373 et]
1063 2343 1161 2363 aeres
1189 2331 1369 2370 Sternkopf
1388 2335 1424 2360 nt
1449 2330 1574 2360 creticus

248 2389 358 2409 vrrsns
383 2383 456 2409 recte
474 2377 623 2419 procedat
764 2388 804 2416 25
831 2376 999 2417 reperire]
1018 2377 1093 2406 ltine
1115 2385 1214 2415 usque
1230 2374 1276 2404 ad
1290 2379 1323 2404 et
1341 2374 1418 2405 talis
1436 2375 1501 2414 (19.
1521 2374 1570 2413 11)

248 2422 349 2461 d‘fiCst
363 2421 403 2451 A!
