1773 2651
163 187 307 224 V11.x
644 185 698 221 M.
731 183 899 221 TVLLI
931 181 1239 221 CICERONIS

320 306 362 341 X
403 309 474 342 Ser.
492 308 538 340 ad
553 309 664 340 m‘bem
680 308 737 339 xiv
752 308 812 338 sub
828 310 1028 391 noctezzt<aut
1043 306 1106 336 xiii
1119 309 1195 336 ante
1210 305 1315 335 lucem
1333 304 1376 335 K.
1394 304 1484 335 Febr.

830 362 861 382 a·
882 360 937 390 705
970 352 1041 391 49)-

685 438 860 470 CICERO
893 437 1064 469 ATTICO
1098 436 1196 468 SAL.

330 532 470 571 Subito
499 531 707 570 consilium
739 529 826 579 cepi
857 536 898 566 ut
928 536 1019 566 ante
1048 541 1168 578 quam
1196 528 1342 565 luceret
1372 526 1527 572 exirem,
1559 539 1610 564 ne

276 599 343 649 qui
364 606 599 648 conspectus
621 598 729 634 fieret
748 603 815 633 aut
836 608 976 641 sermo,
995 594 1197 632 lictoribus
1218 592 1445 643 praesertim
1467 593 1611 629 laurea·
1630 601 1647 633 5

277 664 335 703 tis.
397 666 458 701 De
496 662 647 711 reliquo
692 674 821 710 neque
860 661 1018 697 hercule
1057 658 1153 708 quid
1198 671 1311 708 agam
1350 671 1480 707 neque
1514 656 1610 706 quid

276 737 432 768 acturus
464 728 536 766 sim
576 727 683 774 scio,
726 725 779 764 ita
818 739 904 764 sum
944 725 1193 775 perturbatus
1232 723 1450 762 temeritate
1489 721 1611 761 nostri

276 793 534 833 amentissimi
562 791 711 831 consili.
771 790 863 829 Tibi
893 804 985 829 vero
1015 790 1110 840 quid
1141 790 1328 828 suadeam
1359 788 1501 838 quoius
1528 787 1612 837 ipse

279 859 486 899 consilium
521 858 735 908 exspecto?
793 858 953 895 Gnaeus
986 863 1118 894 noster
1152 854 1249 905 quid
1287 853 1426 893 consili
1465 852 1611 903 ceperit

278 927 454 977 capiatve
494 925 637 972 nescio,
679 925 811 963 adhuc
850 923 889 961 in
929 922 1085 973 oppidis
1124 929 1320 960 coartatus
1359 928 1397 959 et
1436 928 1608 970 stupens.
1634 930 1673 953 10

280 994 440 1037 Omnes,
465 991 495 1029 si
518 991 556 1028 in
579 989 692 1028 Italia
716 988 915 1035 consistat,
939 987 1083 1026 erimus
1104 1000 1206 1034 una3
1236 986 1296 1024 sin
1326 986 1453 1033 cedet,
1474 984 1612 1023 consili

280 1071 339 1095 res
371 1064 438 1095 est.
500 1056 644 1094 Adhuc
680 1062 794 1100 certe,
828 1053 901 1091 nisi
941 1066 1014 1103 ego
1053 1051 1218 1099 insanio,
1252 1053 1368 1090 stulte
1403 1049 1537 1089 onmia
1575 1057 1613 1088 et

281 1122 446 1160 incaute.
520 1122 593 1166 Tu,
627 1133 785 1169 quaeso,
819 1119 956 1157 crebro
990 1119 1041 1156 ad
1077 1131 1140 1156 me
1175 1116 1300 1155 scribe
1331 1117 1392 1154 vel
1426 1115 1535 1166 quod
1574 1114 1614 1152 in

282 1188 447 1226 buccam
478 1184 636 1224 venerit.

326 1305 392 1340 XI
460 1307 529 1339 Ser.
548 1308 582 1337 1'11
603 1306 790 1346 Campania
809 1306 890 1335 inter
902 1305 957 1336 xiv
973 1308 1001 1334 el
1017 1304 1051 1334 ix
1065 1304 1109 1336 K.
1128 1303 1215 1335 Febr.
1232 1315 1263 1335 a.
1284 1313 1337 1343 705
1355 1302 1442 1343 (49).
1637 1300 1674 1333 ¹5

690 1394 865 1425 CICERO
899 1392 1072 1423 ATTICO
1102 1391 1201 1423 SAL.

248 1499 265 1525 1
339 1485 509 1533 Quaeso,
547 1481 643 1531 quid
678 1488 735 1518 est
774 1481 880 1518 hoc?
919 1486 985 1517 aut
1024 1478 1120 1528 quid
1158 1477 1312 1528 agitur?
1370 1476 1471 1514 Mihi
1511 1475 1616 1514 enim

284 1549 468 1587 tenebrae
490 1554 589 1585 sunt.
648 1549 656 1565 ⁴
671 1545 905 1595 Cingulum’
927 1543 1053 1594 inquit
1077 1546 1171 1582 ‘nos
1192 1550 1384 1588 tenemus,
1408 1543 1616 1579 Anconem

284 1612 512 1659 amisimus;
556 1610 754 1650 Labienus
784 1608 964 1648 discessit
995 1623 1017 1646 a
1050 1610 1241 1647 Caesare)
1298 1609 1439 1645 Vtrum
1471 1607 1520 1644 de
1550 1605 1618 1643 im-

284 1686 460 1729 peratore
494 1676 630 1727 populi
666 1674 838 1714 Romani
869 1688 919 1712 an
951 1675 1001 1713 de
1035 1673 1263 1711 Hannibale
1297 1671 1524 1722 loquimur?
1579 1671 1615 1709 O
1637 1683 1679 1706 20

284 1743 488 1783 hominem
526 1748 725 1779 amentem
758 1748 796 1778 et
832 1740 1017 1778 miserum
1053 1738 1120 1788 qui
1155 1752 1204 1776 ne
1239 1738 1419 1776 umbram
1455 1736 1617 1786 quidem

284 1822 473 1859 umquam
500 1810 564 1846 τοῦ
595 1809 710 1844 καλοῦ
737 1804 898 1844 viderit!
957 1806 1091 1854 Atque
1121 1805 1218 1842 haec
1248 1802 1301 1841 ait
1331 1802 1464 1841 omnia
1491 1803 1618 1840 facere

284 1890 325 1914 se
352 1872 552 1924 dignitatis
579 1885 707 1910 causa.
767 1870 846 1909 Vbi
875 1877 933 1909 est
961 1878 1094 1908 autem
1122 1867 1290 1918 dignitas
1318 1867 1391 1905 nisi
1412 1866 1479 1905 ubi
1501 1867 1618 1905 hone-

284 1942 392 1979 stas?
464 1941 691 1976 Honestum
728 1936 842 1986 igitur
876 1936 1019 1974 habere
1059 1934 1271 1973 exercitum
1310 1934 1419 1971 nullo
1458 1931 1619 1982 publico

285 2004 461 2051 consilio,
493 2016 688 2053 occupare
722 2001 828 2040 urbis
863 2000 1006 2038 civium
1037 2013 1117 2049 quo
1147 1998 1295 2038 facilior
1333 1998 1381 2036 sit
1409 1997 1539 2036 aditus
1567 1998 1618 2035 ad
1640 2009 1677 2041 25

285 2070 460 2122 patriam,
502 2072 619 2120 χρεῶν
654 2068 854 2113 ἀποκοπάς,
892 2065 1068 2118 φυγάδων
1102 2065 1291 2111 καθόδους,
1330 2070 1509 2101 sescenta
1545 2061 1620 2100 alia

287 2137 432 2174 scelera
453 2134 590 2181 moliri,

330 2242 352 2271 6
376 2241 517 2270 alterum
542 2249 653 2278 neque
673 2238 721 2268 O:
748 2248 790 2267 ne
817 2235 905 2267 MP:
945 2246 1006 2266 nec
1024 2234 1079 2265 Hs
1095 2235 1183 2275 vulg.
1332 2244 1370 2263 10
1394 2238 1427 2263 et
1452 2231 1533 2263 M2':
1568 2237 1619 2263 set

289 2284 375 2315 codd.
520 2288 662 2322 stupens
688 2281 795 2312 codd:
823 2284 961 2319 stupent
979 2279 1018 2308 I:
1044 2283 1212 2309 coartatus
1230 2281 1292 2308 est.
1350 2281 1489 2316 stupent
1505 2276 1620 2306 Klotz:

289 2332 458 2359 coartatus
475 2328 571 2357 sedet
590 2331 622 2356 et
640 2331 779 2364 stupens
804 2323 879 2353 Otto
1017 2333 1050 2352 11
1080 2322 1238 2352 consistet
1266 2319 1456 2360 ll'esenbmg
1542 2330 1619 2350 con-

289 2373 341 2401 sili
370 2370 555 2401 O2PM2s:
581 2370 722 2399 consilia
748 2366 856 2397 M‘O'
976 2376 1012 2395 12
1037 2371 1130 2396 certe
1153 2368 1246 2396 vett.:
1272 2369 1364 2395 certa
1388 2363 1464 2393 M¹:
1491 2363 1621 2393 incerta

292 2416 359 2445 0¹:
388 2415 506 2444 incerti
535 2412 696 2442 O2PM'23
822 2421 862 2449 24
887 2413 961 2441 ante
986 2409 1178 2440 Honestum
1203 2407 1261 2438 dat
1278 2407 1340 2438 nisi
1360 2406 1428 2447 M1,
1449 2416 1527 2437 num
1546 2404 1622 2436 M2:

291 2458 349 2489 del.
366 2457 485 2488 Lamb.
