1773 2651
164 173 258 209 VII.
278 172 338 208 vii
660 170 715 206 M.
748 168 916 205 TVLLI
948 166 1254 206 CICERONIS

251 466 266 491 1

244 1051 268 1078 2

243 1189 267 1224 3

242 1711 268 1746 4

329 278 420 311 VII
468 279 535 310 ΞΝ.
557 279 589 308 ιἸι
610 279 788 309 Formiano
805 278 888 307 inte»
902 277 962 307 xiii
976 280 1003 307 cl
1019 288 1042 306 x
1059 276 1102 307 K.
1121 276 1194 306 Ian.
1213 287 1243 307 α.
1264 285 1324 315 704
1345 276 1427 317 (50).

703 366 879 396 CICERO
904 365 1076 396 ATTICO
1103 364 1199 395 SAL.

344 460 352 476 ‘
370 456 594 505 Dionysius,
618 455 674 492 vir
703 454 887 504 optimus,
916 461 957 491 ut
983 453 1079 491 mihi
1107 467 1266 503 quoque
1294 461 1351 491 est
1378 460 1616 503 perspectuS‚

287 530 324 560 et
355 521 607 560 doctissimus
637 520 773 569 tuique
802 518 1105 565 amantissimus,
1139 520 1311 556 Romam
1332 518 1438 556 venit
1465 530 1520 555 xv
1544 520 1620 556 Ka-

286 589 389 625 lend.
416 589 498 624 Ian.
527 594 565 624 et
595 586 741 623 litteras
771 599 793 622 a
823 593 860 622 te
891 584 987 621 mihi
1017 583 1212 622 reddidit)
1269 585 1347 621 Tot
1375 583 1481 622 enim
1502 583 1620 621 verba
1642 597 1659 629 5

285 659 375 689 sunt
392 653 442 690 de
458 651 650 700 Dionysio
672 650 711 687 in
732 650 899 700 epistula
916 657 993 695 tua,
1010 648 1106 687 illud
1122 652 1306 698 †putato†
1322 662 1401 686 non
1418 648 1619 695 adscribis,

290 721 351 755 ‘et
384 716 454 755 tibi
485 716 625 766 gratias
658 715 759 765 egit.’
818 714 941 764 Atqui
971 722 1075 752 certe
1105 714 1169 752 ille
1198 727 1311 764 agere
1341 713 1479 752 debuit
1508 721 1556 760 et,
1589 713 1620 751 si

287 790 388 820 esset
419 783 576 828 factum,
604 794 705 830 quae
736 788 802 818 tua
832 787 889 818 est
917 779 1150 826 humanitas,
1174 779 1456 829 adscripsisses.
1519 778 1620 816 Mihi

286 855 419 884 autem
445 848 551 884 nulla
580 847 630 884 de
660 859 708 884 eo
737 845 943 896 παλινῳδία
972 845 1086 882 datur
1116 851 1273 894 propter
1304 843 1512 894 superioris
1544 843 1621 893 epi-

288 913 413 950 stulae
435 910 718 950 testimonium.
780 909 837 948 Sit
859 909 973 960 igitur
1002 922 1096 947 sane
1119 909 1245 947 bonus
1266 908 1331 946 vir.
1394 910 1486 946 Hoc
1514 908 1619 946 enim
1645 924 1683 946 10

286 976 415 1026 ipsum
446 977 547 1014 bene
577 975 668 1013 fecit
698 976 807 1024 quod
837 974 933 1012 mihi
960 973 1019 1011 sui
1040 973 1306 1023 cognoscendi
1326 973 1483 1022 penitus
1503 973 1620 1011 etiam

288 1041 400 1079 istam
436 1042 661 1078 facultatem
693 1039 813 1077 dedit.
876 1038 1110 1088 Philogenes
1143 1046 1246 1076 recte
1279 1039 1330 1076 ad
1369 1046 1407 1076 te
1446 1038 1622 1088 scripsit3

288 1106 435 1144 curavit
465 1106 571 1144 enim
601 1106 710 1155 quod
740 1105 887 1143 debuit.
950 1106 1053 1142 Eum
1080 1117 1153 1153 ego
1175 1104 1229 1142 uti
1257 1117 1303 1142 ea
1329 1104 1497 1154 pecunia
1516 1103 1621 1142 volui

288 1172 421 1220 quoad
447 1170 607 1218 liceret3
638 1170 769 1219 itaque
799 1183 892 1208 usus
923 1177 980 1208 est
1011 1182 1167 1207 menses
1198 1181 1304 1206 xlm.
1366 1168 1621 1218 Pomptinum

286 1236 403 1286 cupio
425 1237 551 1274 valere
573 1243 621 1282 et,
645 1237 755 1285 quod
776 1235 912 1272 scribis
934 1235 974 1272 in
996 1235 1133 1272 urbem
1157 1234 1349 1280 introisse,
1372 1247 1506 1272 vereor
1526 1233 1622 1282 quid
1646 1247 1681 1278 15

287 1301 334 1339 sit
353 1316 359 1343 2
389 1314 481 1338 nam
498 1300 538 1338 id
559 1300 632 1337 nisi
654 1299 758 1349 gravi
780 1301 830 1337 de
852 1313 970 1337 causa
1000 1312 1080 1337 non
1102 1298 1266 1337 fecisset.
1328 1300 1413 1349 Ego
1434 1298 1621 1348 quoniam

288 1379 349 1403 1111
374 1368 477 1403 Non.
504 1367 586 1403 Ian.
611 1364 898 1415 compitalicius
920 1364 1003 1403 dies
1025 1372 1094 1411 est,
1111 1366 1205 1402 nolo
1219 1377 1266 1402 eo
1283 1364 1347 1402 die
1368 1364 1407 1401 in
1421 1364 1621 1401 Albanum

287 1431 429 1477 venire,
453 1445 496 1468 ue
527 1432 714 1469 molestus
739 1430 909 1468 familiae
934 1429 1100 1468 veniam.
1162 1442 1207 1466 111
1238 1430 1342 1467 Non.
1373 1430 1456 1467 Ian.
1482 1428 1622 1478 igitur3

286 1496 379 1534 inde
410 1497 460 1534 ad
496 1496 633 1534 urbem
668 1495 793 1545 pridie
829 1496 978 1534 Nonas.
1040 1497 1128 1532 Tua
1161 1497 1274 1544 λῆψις
1300 1508 1418 1543 quem
1446 1494 1485 1531 in
1515 1493 1620 1531 diem

288 1561 455 1599 incurrat
477 1561 622 1607 nescio,
645 1562 714 1598 sed
736 1574 892 1611 prorsus
920 1567 958 1598 te
985 1559 1225 1598 commoveri
1246 1559 1503 1597 incommodo
1522 1560 1621 1597 vale-
1641 1573 1682 1595 20

288 1627 434 1665 tudinis
455 1635 543 1665 tuae
564 1628 668 1665 nolo.

344 1694 404 1730 De
435 1693 584 1729 honore
614 1699 749 1729 nostro
779 1691 852 1729 nisi
883 1691 979 1741 quid
1007 1692 1162 1729 occulte
1184 1692 1329 1730 Caesar
1352 1704 1420 1740 per
1450 1702 1540 1728 suos
1562 1689 1622 1728 tri-

287 1757 415 1794 bunos
447 1757 605 1795 molitus
640 1757 720 1803 erit,
757 1765 885 1795 cetera
919 1757 1100 1795 videntur
1138 1771 1222 1795 esse
1261 1757 1495 1807 tranquilla3
1524 1764 1623 1794 tran-

287 1821 541 1871 quillissimus
561 1830 693 1859 autem
714 1821 869 1859 animus
892 1835 1001 1860 meus
1023 1822 1090 1871 qui
1112 1830 1237 1860 toturn
1259 1822 1358 1860 istuc
1385 1821 1499 1871 aequi
1526 1820 1619 1859 boni

286 1887 378 1924 facit
399 1894 437 1924 et
458 1900 506 1924 eo
528 1886 650 1936 magis
673 1888 782 1936 quod
808 1886 885 1924 iam
906 1900 929 1924 a
950 1886 1082 1924 multis
1109 1886 1228 1924 audio
1255 1886 1512 1924 constitutum
1533 1899 1619 1924 esse
1641 1900 1679 1931 25

290 1951 481 2001 Pompeio
501 1959 538 1989 et
560 1951 642 1989 eius
663 1951 829 1989 consilio
850 1951 889 1988 in
911 1951 1082 1989 Siciliam
1105 1964 1167 1989 me
1192 1951 1345 1989 mittere
1372 1951 1480 2000 quod
1501 1950 1620 2000 impe-

288 2016 386 2054 rium
427 2017 605 2055 habeam.
668 2018 716 2054 Id
755 2024 812 2054 est
850 2015 1123 2066 Ἀβδηριτικόν.
1195 2017 1280 2054 Nec
1319 2015 1423 2054 enim
1463 2022 1620 2053 senatus

287 2081 459 2119 decrevit
489 2095 562 2120 nec
592 2083 762 2131 populus
794 2081 903 2119 iussit
932 2095 994 2119 me
1015 2081 1222 2131 imperium
1245 2081 1283 2118 in
1307 2080 1436 2118 Sicilia
1462 2080 1616 2118 habere.

288 2147 355 2184 Sin
389 2148 464 2184 hoc
496 2160 555 2184 res
588 2146 746 2196 publica
780 2147 830 2183 ad
864 2145 1098 2195 Pompeium
1135 2147 1258 2191 refert,
1294 2144 1360 2195 qui
1395 2158 1457 2182 me
1496 2145 1618 2194 magis

330 2253 350 2280 6
376 2251 455 2281 illud
482 2255 562 2289 puto
590 2255 625 2280 tu
653 2249 831 2280 Graevius:
868 2249 946 2278 illud
965 2254 1044 2288 puta
1071 2254 1104 2278 tu
1134 2248 1301 2279 Marslmll
1322 2248 1386 2279 coll.
1406 2248 1496 2278 Pers.
1516 2248 1555 2278 iv.
1575 2259 1618 2287 9:

288 2295 368 2324 illud
386 2299 536 2333 optatum
553 2293 638 2323 Boo!
654 2305 661 2324 t
686 2293 767 2323 illud
786 2293 1007 2332 perusitatum
1024 2292 1155 2323 Bc'ivkel:
1182 2292 1260 2322 illud
1275 2292 1427 2331 profecto
1444 2292 1517 2322 vult
1534 2292 1617 2322 Gur-

287 2339 352 2369 litt:
371 2338 452 2376 sort.
470 2342 504 2367 at
521 2336 603 2368 illud
622 2341 702 2375 puto
720 2336 770 2367 vel
784 2336 864 2366 illud
882 2346 943 2375 pro
961 2336 1083 2365 usitato
1187 2337 1224 2365 18
1248 2337 1366 2366 venire
1383 2335 1442 2366 del.
1464 2335 1622 2365 Bucheler

289 2392 331 2411 ne
357 2381 434 2412 add.
451 2379 519 2411 Zb:
553 2391 618 2410 om.
648 2379 735 2410 codd.
823 2382 898 2420 post
921 2379 1085 2409 molestus
1110 2378 1185 2409 add.
1216 2380 1277 2409 sim
1305 2374 1349 2409 Zb
1450 2377 1616 2408 familiae:

289 2425 420 2454 veniam
443 2424 631 2463 Wesenbmg
721 2424 789 2453 Ian.
817 2423 884 2453 secl.
906 2422 991 2452 Crat.
1130 2433 1171 2460 29
1196 2423 1304 2453 desert
1328 2423 1448 2453 Iunius
