1773 2651
130 895 168 917 10

131 1220 166 1252 15

131 1541 170 1562 20

132 1866 168 1897 ²5

610 180 721 216 EPP.
755 179 831 215 AD
862 175 1122 215 ATTICVM
1467 175 1625 213 V11.xi

384 291 452 340 τὴν
481 291 570 329 θεῶν
598 291 781 342 μεγίστην
811 289 897 327 ὥστ’
926 291 1022 340 ἔχειν
1050 287 1324 338 τυραννίδα-,θ

190 354 271 394 Sibi
293 355 436 393 habeat
457 369 567 393 suam
588 356 783 393 fortunam
803 356 808 392 !
857 356 987 391 Vnam
1009 367 1072 391 me
1093 354 1251 391 hercule
1273 360 1402 390 tecum
1424 350 1520 401 apri-

189 419 386 458 cationem
407 420 446 457 in
467 419 534 458 illo
555 418 743 457 lucrativo
765 426 833 456 tuo
854 420 936 456 sole
958 417 1090 456 malim
1113 431 1232 467 quam
1255 416 1388 454 omnia
1409 415 1518 454 istius

189 484 297 523 modi
319 498 435 534 regna
451 485 511 522 vel
532 484 662 534 potius
684 483 781 521 mori
810 483 964 521 miliens
985 496 1103 532 quam
1132 483 1252 520 semel
1274 481 1383 519 istius
1412 480 1519 519 modi

188 549 400 599 quicquam
422 548 600 599 cogitare.
665 552 673 568 ⁴
687 548 796 597 Quid
818 548 848 586 si
870 555 910 586 tu
932 547 1026 586 velis
1041 549 1077 585 ?'
1113 546 1253 596 inquis.
1312 548 1409 596 Age,
1432 545 1518 595 quis
1540 555 1563 582 2

188 622 245 652 est
266 614 329 652 cui
349 616 447 653 velle
469 628 549 652 non
570 614 715 652 liceat?
753 614 831 651 Sed
848 626 920 662 ego
942 614 1018 650 hoc
1035 612 1163 662 ipsum
1184 615 1192 631 ‘
1206 612 1324 649 velle'
1343 610 1518 649 miserius

187 693 272 717 esse
293 681 397 718 duco
427 693 546 729 quam
571 679 611 716 in
639 692 795 717 crucem
817 677 910 716 tolli.
970 679 1061 715 Vna
1089 689 1148 715 res
1175 684 1233 715 est
1258 690 1303 715 ea
1331 675 1516 722 miserior,

187 744 350 794 adipisci
381 745 490 794 quod
519 744 573 782 ita
596 743 775 782 volueris.
835 744 913 781 Sed
944 743 1040 780 baec
1069 743 1270 780 hactenus.
1332 740 1519 779 Libenter

187 809 292 849 enim
314 809 354 846 in
375 808 434 846 his
456 808 644 847 molestiis
666 809 882 860 ἐνσχολάζω
901 809 1025 846 τόσον.

242 875 470 913 Redeamus
499 875 549 912 ad
580 882 769 912 nostrum.
830 875 903 911 Per
934 874 1132 911 fortunas!
1174 873 1289 922 quale
1324 870 1393 909 tibi
1428 884 1518 909 con-
1537 878 1561 915 3

187 939 316 978 silium
339 938 504 989 Pompei
526 938 709 977 videtur?
738 940 814 976 hoc
836 951 981 988 quaero
1003 938 1112 987 quod
1142 937 1280 975 urbem
1308 935 1515 986 reliquerit.

189 1007 273 1055 Ego
301 1003 406 1043 enim
435 1007 569 1053 ἀπορῶ.
628 1005 733 1042 Tum
758 1002 855 1040 nihil
882 1001 1100 1041 absurdius.
1160 1002 1309 1040 Vrbem
1339 1008 1380 1039 tu
1408 1000 1519 1039 relin-

187 1071 314 1119 quas?
357 1083 448 1119 ergo
486 1069 602 1116 idem,
640 1068 671 1106 si
708 1067 810 1107 Galli
850 1067 1056 1106 venirent?
1116 1068 1231 1105 ‘Non
1270 1067 1350 1105 est⁷
1391 1065 1518 1115 inquit

191 1135 250 1172 ‘in
290 1134 503 1184 parietibus
543 1147 601 1172 res
640 1132 822 1183 publica.’
880 1134 932 1170 At
965 1132 1004 1170 in
1036 1131 1111 1170 aris
1145 1139 1183 1169 et
1217 1130 1324 1169 focis.
1384 1131 1518 1169 ‘Fecit

187 1199 501 1238 Themistocles)
560 1200 741 1236 Fluctum
772 1196 877 1236 enim
908 1196 1027 1235 totius
1059 1195 1260 1235 barbariae
1294 1197 1391 1234 ferre
1426 1197 1517 1234 urbs

188 1278 266 1302 una
286 1278 366 1303 non
396 1271 558 1314 poterat.
618 1265 671 1301 At
698 1262 803 1301 idem
837 1261 1004 1300 Pericles
1035 1274 1115 1299 non
1145 1260 1236 1299 feeit
1265 1273 1413 1298 annum
1439 1261 1517 1299 fere

188 1336 276 1378 post
306 1328 687 1378 quinquagesimum,
721 1340 810 1365 cum
842 1334 992 1376 praeter
1024 1325 1180 1364 moenia
1214 1324 1311 1362 nihil
1345 1332 1518 1373 teneret;

189 1393 310 1432 nostri
332 1393 425 1431 olim
447 1393 543 1431 urbe
564 1392 713 1442 reliqua
733 1399 847 1441 capta
867 1404 996 1429 arcem
1019 1398 1151 1428 tamen
1171 1389 1425 1428 retinuerunt.

329 1459 434 1496 Οὕτω
463 1476 534 1496 που
561 1462 633 1496 τῶν
660 1457 825 1507 πρόσθεν
853 1456 1080 1505 ἐπευθόμεθα
1109 1456 1200 1493 κλέα
1229 1455 1375 1504 ἀνδρῶν.

191 1526 341 1562 Rursus
365 1531 497 1562 autem
527 1537 573 1561 ex
602 1524 738 1562 dolore
769 1520 995 1571 municipali
1026 1520 1352 1570 sermonibusque
1381 1533 1516 1559 eorum
1536 1528 1562 1565 4

189 1603 288 1639 quos
302 1587 496 1627 convenio
513 1588 666 1626 videtur
679 1589 754 1625 hoc
772 1586 980 1625 consilium
994 1585 1140 1624 exitum
1154 1584 1390 1623 habiturum.
1416 1585 1519 1623 Mira

190 1653 396 1691 hominum
426 1654 584 1703 querela
604 1660 662 1691 est
683 1651 834 1701 <neseio
861 1666 913 1689 cm
940 1650 1037 1697 istic,
1061 1651 1130 1688 sed
1160 1649 1278 1688 facies
1308 1657 1350 1688 ut
1379 1649 1517 1700 sciam)

190 1719 273 1757 sine
303 1717 592 1768 magistratibus
613 1717 751 1755 urbem
779 1729 874 1763 esse,
898 1715 981 1754 sine
1009 1723 1157 1753 senatu.
1218 1714 1387 1764 Fugiens
1411 1715 1518 1753 deni-

190 1797 266 1833 que
292 1782 505 1833 Pompeius
534 1781 760 1820 mirabiliter
788 1780 969 1819 homines
997 1787 1139 1818 movet.
1199 1779 1308 1828 Quid
1336 1779 1518 1829 quaeris?

189 1848 264 1886 alia
279 1861 396 1886 causa
414 1849 516 1885 facta
535 1855 603 1885 est.
647 1846 755 1884 Nihil
773 1845 849 1884 iam
866 1845 1169 1884 concedendum
1191 1852 1330 1895 putant
1348 1844 1515 1884 Caesari.

193 1915 305 1951 Haec
326 1920 367 1950 tu
389 1912 485 1949 mihi
506 1911 656 1961 explica
676 1910 806 1960 qualia
826 1910 912 1948 sint.

246 1979 331 2027 Ego
363 1976 521 2026 negotio
552 1989 734 2026 praesum
769 1988 849 2012 non
884 1975 1122 2013 turbulento.
1182 1975 1277 2012 Vult
1311 1973 1416 2012 enim
1456 1988 1518 2013 me
1539 1986 1562 2024 5

192 2041 405 2092 Pompeius
435 2054 519 2079 esse
549 2054 667 2090 quem
699 2047 780 2077 tota
809 2040 906 2077 haec
929 2038 1147 2088 Campania
1172 2046 1211 2077 et
1235 2038 1429 2077 maritima
1452 2053 1519 2077 ora

235 2157 254 2186 3
277 2147 442 2177 lucrativo
467 2145 578 2177 codd:
606 2145 812 2175 Lucretilino
838 2144 997 2175 Faernus.
1022 2155 1062 2174 sc.
1082 2144 1115 2173 in
1141 2143 1217 2173 villa
1235 2144 1322 2173 Am?
1360 2143 1521 2174 Ficulensi

192 2192 310 2230 xii.34.
326 2201 356 2222 1:
383 2190 562 2220 Lucretino
576 2188 676 2218 Rom.
767 2198 786 2225 4
810 2187 907 2216 istius
920 2185 959 2214 H
974 2185 1077 2215 Crat.:
1105 2186 1193 2215 illius
1210 2184 1283 2219 CM,
1292 2185 1332 2224 ts.
1342 2186 1519 2217 Lehmann

196 2234 294 2264 ‘Ati'
309 2238 341 2272 p.
359 2234 396 2262 61
562 2241 583 2269 9
607 2230 706 2260 τόσον
729 2230 861 2270 scripsi:
889 2232 1028 2259 COCON
1054 2229 1165 2260 codd:
1191 2240 1240 2259 σοι
1268 2229 1362 2260 V1·ct.:
1393 2231 1454 2260 σῶς
1477 2230 1518 2260 ὢν

192 2278 271 2308 coni.
293 2276 407 2306 Baiter
511 2285 548 2304 12
572 2273 675 2313 Tum]
695 2278 807 2304 tamen
836 2272 982 2302 Ernesti:
1008 2277 1112 2303 toturn
1147 2273 1177 2302 T
1166 2273 1269 2312 yrrell
1281 2285 1287 2303 :
1305 2274 1385 2312 fort.
1403 2274 1516 2312 ἀπορῶ,

192 2331 267 2352 cum
286 2320 368 2349 nihil
481 2319 518 2348 18
543 2322 617 2348 ante
634 2318 736 2348 nostri
755 2316 828 2347 add.
848 2321 881 2346 et
897 2316 1055 2346 Biicllelcr
1150 2326 1191 2345 22
1216 2326 1258 2346 an
1278 2317 1350 2347 istic
1367 2317 1518 2347 Ernesti:

195 2364 266 2394 istic
284 2362 370 2393 codd.
386 2374 391 2392 ε
418 2362 550 2392 isticine
574 2360 761 2400 lVesenberg
778 2360 886 2397 (⁴E171.
904 2359 984 2390 Ait)
997 2365 1031 2399 p.
1053 2359 1130 2388 1085
1265 2361 1305 2389 28
1334 2361 1518 2400 Campania

195 2407 309 2438 Rom.:
337 2406 509 2445 Campana
523 2404 570 2443 M,
591 2405 627 2443 cs.
648 2404 686 2434 O.
700 2404 741 2435 E.
766 2402 918 2434 Schmidt
936 2402 1025 2432 ‘Der
1038 2401 1320 2442 Briefwccltscl'p.
1341 2412 1399 2441 117
