1773 2651
190 192 316 229 111.v
662 193 715 229 M.
749 193 915 229 TVLLI
948 192 1255 231 CICERONIS

335 320 374 355 V
497 325 567 356 διν.
594 324 723 356 Thuriis
739 325 770 355 ι’ῑν
786 325 835 355 Id.
858 325 957 365 Agna,
980 329 1017 355 ul
1033 324 1168 362 videtur,
1187 335 1216 355 a.
1239 326 1302 365 696
1320 327 1408 365 (58).

704 413 880 444 CICERO
904 413 1077 444 ATTICO
1103 412 1199 444 SAL.

346 502 531 541 Terentia
565 501 635 540 tibi
665 510 703 540 et
732 515 849 552 saepe
879 509 917 540 et
948 502 1134 540 maximas
1163 502 1241 553 agit
1272 503 1422 553 gratias.
1484 505 1532 542 Id
1564 511 1622 543 est

293 567 388 605 mihi
409 567 683 617 gratissimum.
744 569 829 617 Ego
851 567 938 604 vivo
964 566 1200 606 miserrimus
1228 576 1265 605 et
1288 568 1458 607 maximo
1485 570 1622 608 dolore

292 631 490 670 conficior.
550 632 615 670 Ad
637 639 674 670 te
695 631 791 681 quid
812 631 980 669 scribam
1002 631 1145 670 nescio.
1206 632 1245 670 Si
1266 632 1370 670 enim
1392 646 1433 671 es
1456 634 1618 680 Romae,
1642 646 1659 677 5

292 697 369 735 iam
392 710 454 735 me
475 696 640 747 adsequi
667 710 748 734 non
769 704 906 746 potes3
934 696 993 734 sin
1014 710 1055 734 es
1079 696 1118 734 in
1135 697 1206 743 via,
1223 711 1313 735 cum
1335 697 1408 735 eris
1430 711 1492 736 me
1513 700 1623 736 adse-

292 770 416 808 cutuS,
440 775 571 800 coram
601 774 762 811 agemus
792 775 894 811 quae
917 768 1030 799 erunt
1059 763 1220 811 agenda.
1281 764 1455 800 Tantum
1485 770 1523 800 te
1552 776 1622 801 oro

293 836 345 874 ut,
368 827 556 877 quoniam
579 841 642 865 me
663 827 790 876 ipsum
813 839 968 876 semper
986 826 1136 873 amasti,
1160 834 1201 864 ut
1222 828 1364 865 eodem
1391 841 1524 866 amore
1546 827 1597 865 sis
1613 842 1622 874 3

292 906 365 943 ego
385 892 490 931 enim
512 892 618 931 idem
640 905 737 930 sum.
792 892 948 930 Inimici
970 891 1047 930 mei
1068 905 1155 930 mea
1176 892 1282 939 mihi,
1306 905 1386 930 non
1408 906 1471 931 me
1492 893 1619 943 ipsum

291 959 534 997 ademerunt.
596 958 701 997 Cura
722 965 763 995 ut
784 958 923 996 valeas.
985 960 1088 996 Data
1109 969 1171 994 1111
1195 958 1291 995 Idus
1313 957 1433 1007 April.
1457 957 1593 996 Thuri.
1643 973 1683 996 10

335 1075 402 1111 VI
558 1077 626 1109 Ser.
647 1079 679 1108 1¹12
704 1077 877 1108 Tarentino
893 1078 949 1107 xiv
964 1076 1008 1107 K.
1030 1076 1111 1107 Mai.
1132 1087 1163 1107 α.
1187 1078 1250 1117 696
1268 1077 1355 1117 (58).

709 1166 885 1197 CICERO
911 1165 1082 1196 ATTICO
1109 1165 1205 1196 SAL.

346 1248 439 1285 Non
469 1247 592 1284 fuerat
623 1245 719 1283 mihi
749 1244 915 1283 dubium
946 1243 1040 1293 quin
1076 1251 1113 1281 te
1142 1243 1303 1282 Tarenti
1337 1252 1403 1282 aut
1437 1245 1620 1284 Brundisi

290 1312 441 1350 visurus
462 1324 588 1350 essem
610 1310 730 1360 idque
750 1311 801 1348 ad
823 1310 945 1347 multa
965 1308 1160 1358 pertinuit,
1179 1308 1218 1346 in
1239 1308 1294 1347 eis
1316 1317 1353 1347 et
1375 1317 1416 1347 ut
1438 1309 1477 1347 in
1500 1310 1620 1360 Epiro

291 1376 594 1415 consisteremus
623 1383 660 1413 et
691 1375 741 1413 de
773 1373 930 1423 reliquis
962 1374 1077 1412 rebus
1112 1381 1180 1411 tuo
1211 1373 1377 1412 consilio
1409 1382 1616 1413 uteremur.
1643 1389 1679 1422 15

292 1441 492 1490 Quoniam
533 1440 572 1479 id
612 1454 692 1479 non
738 1438 911 1489 contigit,
952 1438 1023 1476 erit
1068 1440 1144 1476 hoc
1189 1452 1349 1488 quoque
1392 1438 1430 1476 in
1477 1453 1621 1489 magno

291 1520 456 1545 numero
491 1513 713 1544 nostrorum
753 1505 957 1542 malorum.
1017 1503 1144 1541 Nobis
1187 1503 1258 1542 iter
1296 1512 1354 1542 est
1392 1503 1432 1541 in
1471 1504 1619 1550 Asiam,

291 1571 459 1610 maxime
481 1570 678 1620 Cyzicum.
741 1571 856 1607 Meos
881 1568 951 1607 tibi
979 1569 1229 1607 commendo.
1292 1571 1360 1607 Me
1380 1568 1443 1606 vix
1469 1568 1622 1607 misere-

291 1650 368 1687 que
389 1644 577 1675 sustento.
640 1638 742 1673 Data
762 1646 856 1672 x1111
883 1636 932 1671 K.
959 1633 1086 1671 Maias
1107 1635 1157 1672 de
1177 1633 1403 1672 Tarentino.

334 1765 426 1800 VII
598 1765 670 1798 Scr.
687 1765 851 1796 Brundisi
860 1772 910 1807 pr.
932 1766 974 1798 K.
996 1766 1077 1798 Mai.
1099 1778 1129 1797 a.
1153 1766 1216 1806 696
1234 1766 1320 1806 (58).
1643 1779 1684 1801 20

708 1855 884 1886 CICERO
909 1854 1081 1886 ATTICO
1107 1854 1204 1886 SAL.

257 1962 272 1988 1
347 1943 600 1983 Brundisium
630 1943 718 1982 veni
748 1957 780 1982 a.
810 1945 848 1982 d.
881 1956 974 1981 X1111
1009 1945 1094 1981 Kal.
1130 1942 1266 1981 Maias.
1329 1944 1388 1981 Eo
1418 1941 1482 1981 die
1511 1941 1619 1992 pueri

292 2010 346 2049 tui
379 2009 475 2048 mihi
504 2023 527 2046 a
557 2016 593 2047 te
623 2008 768 2047 litteras
799 2008 1065 2055 reddiderunt,
1097 2016 1135 2046 et
1164 2007 1228 2046 alii
1263 2007 1371 2057 pueri
1399 2014 1487 2057 post
1513 2007 1619 2045 diem

291 2076 446 2114 tertium
477 2074 560 2113 eius
590 2074 669 2113 diei
695 2074 790 2112 alias
815 2074 960 2112 litteras
986 2075 1208 2112 attulerunt.
1270 2073 1390 2121 Quod
1420 2086 1482 2110 me
1509 2086 1620 2122 rogas

291 2149 329 2179 et
349 2139 513 2179 hortaris
535 2147 576 2178 ut
596 2140 702 2189 apud
723 2147 761 2177 te
782 2139 821 2176 in
844 2138 964 2188 Epiro
989 2138 1074 2185 sim,
1097 2139 1276 2176 voluntas
1297 2145 1363 2175 tua
1390 2136 1486 2174 mihi
1507 2138 1620 2176 valde
1641 2154 1678 2186 ²5

334 2245 354 2274 8
374 2245 515 2275 alterum
532 2248 567 2274 ut
587 2242 676 2273 codd.
700 2244 845 2282 (praeter
864 2242 939 2281 OF)
958 2241 1047 2281 quod
1060 2251 1122 2272 voc.
1140 2240 1303 2271 interdum
1318 2244 1391 2279 post
1403 2241 1620 2280 parenthesim

293 2289 451 2328 repetitur,
469 2287 506 2326 cf.
529 2287 566 2326 Q
585 2287 640 2317 Fr.
663 2287 682 2317 i.
706 2296 731 2316 1.
751 2287 804 2325 38,
824 2285 922 2315 Fam.
950 2285 995 2315 iii.
1014 2295 1042 2322 3.
1067 2295 1079 2314 1
1099 2296 1105 2314 :
1138 2289 1172 2314 tu
1192 2285 1268 2314 coni.
1291 2283 1494 2324 PVrsenberg:
1531 2295 1619 2314 nunc

293 2331 416 2361 Miiller
529 2341 567 2360 10
592 2340 644 2360 1111
664 2329 851 2360 Corradus:
883 2338 946 2358 vm
963 2328 1050 2358 codd.
1067 2331 1190 2368 praeter
1207 2326 1265 2356 M:
1298 2337 1347 2357 vu
1367 2327 1407 2356 M
1514 2327 1618 2357 Thuri

292 2375 458 2410 HOPMs,
484 2375 521 2414 cf.
538 2374 572 2405 C.
586 2372 627 2404 L.
642 2372 750 2404 Smitlz
769 2373 800 2402 in
818 2370 998 2402 ‘Harvm'd
1011 2370 1162 2402 Studt'es‘
1180 2371 1225 2401 vii
1240 2372 1352 2411 (1896)
1371 2380 1467 2409 75-77
1484 2381 1489 2400 :
1517 2370 1618 2400 Eburi

292 2417 417 2457 Nissen,
438 2418 474 2457 cf.
496 2417 667 2447 Ranscltcn
685 2415 921 2455 ‘Epltemerides
943 2415 1110 2445 Tullianae
1124 2414 1131 2426 ’
1142 2419 1197 2454 pp.
1215 2424 1267 2453 22,
1288 2424 1330 2453 23
1471 2424 1507 2452 14
1533 2420 1568 2444 ut
1585 2418 1619 2443 et

294 2461 386 2491 Man.
528 2470 566 2500 19
591 2470 668 2490 xun
688 2459 775 2490 codd.
795 2471 802 2490 z
827 2469 889 2489 :1:111
908 2458 958 2489 vel
971 2469 1019 2489 ΧΠ
1043 2457 1382 2499 lVesenbeyg,fi¹uslra
