1732 2661
103 178 155 214 II.
175 178 219 213 ix
585 181 639 217 M.
672 181 840 217 TVLLI
873 180 1178 218 CICERONIS

174 471 189 496 1

254 284 322 317 IX
540 288 607 320 Ser.
625 289 714 319 Anti
729 288 832 319 medio
850 301 894 321 m.
913 290 995 329 Apr.
1019 301 1047 321 (ι,
1070 292 1126 328 695
1146 290 1223 330 (59).

623 375 799 405 CICERO
832 375 1002 407 ATTICO
1036 376 1135 407 SAL.

264 464 404 502 Subito
436 477 526 502 cum
559 463 656 500 mihi
683 463 843 502 dixisset
872 464 1067 503 Caecilius
1097 474 1281 515 quaestor
1310 479 1475 515 puerum
1502 481 1543 505 se

213 531 384 567 Romam
412 528 578 575 mittere,
600 530 697 566 haec
725 528 860 578 scripsi
886 529 1040 579 raptim,
1062 538 1103 567 ut
1132 538 1220 568 tuos
1250 532 1413 568 elicerem
1444 531 1544 568 miri-

210 595 305 632 ficos
326 607 416 632 cum
440 593 581 631 Publio
609 593 797 643 dialogos,
821 607 911 631 cum
940 608 1008 632 eos
1039 595 1089 632 de
1114 595 1258 644 quibus
1288 595 1434 642 scribis,
1459 603 1542 633 tum
1563 607 1579 636 5

208 659 317 697 illum
336 672 454 708 quem
471 658 585 697 abdis
607 667 644 697 et
664 659 720 697 ais
742 661 902 709 longum
930 673 1014 698 esse
1036 674 1136 710 quae
1157 662 1207 699 ad
1229 674 1273 699 ea
1295 661 1542 710 responderis

208 724 470 773 perscribere,
502 723 611 761 illum
633 737 724 762 vero
749 724 816 774 qui
847 725 1027 762 nondum
1055 724 1212 762 habitus
1238 734 1305 770 est,
1330 739 1448 775 quem
1479 725 1542 763 illa

207 792 360 839 βοῶπις,
384 803 474 827 cum
503 803 523 827 6
551 788 714 827 Solonio
736 788 902 835 redierit,
925 790 976 827 ad
1004 797 1041 827 te
1068 797 1125 827 est
1151 791 1325 836 relatura,
1350 790 1405 827 sic
1425 790 1541 828 velim

208 862 332 904 putes,
356 853 452 891 nihil
480 855 556 891 hoc
587 867 702 903 posse
733 853 828 891 mihi
858 867 943 892 esse
971 853 1190 892 iucundius.
1251 854 1290 892 Si
1320 867 1411 892 vero
1441 868 1542 904 quae

209 921 259 957 de
292 932 353 957 me
378 926 493 968 pacta
519 926 609 956 sunt
637 932 683 956 ea
711 932 790 956 non
819 926 1029 965 servantur,
1054 918 1093 956 in
1118 920 1227 957 caelo
1255 932 1353 965 sum,
1378 927 1418 956 ut
1447 918 1542 956 sciat
1564 932 1603 953 10

210 984 273 1021 hic
313 991 445 1021 noster
485 983 845 1032 Hierosolymarius
885 985 1084 1022 traductor
1129 984 1180 1021 ad
1225 984 1382 1032 plebem
1423 996 1541 1032 quam

209 1049 355 1087 bonam
378 1048 474 1086 meis
496 1048 711 1098 putissimis
733 1048 978 1086 orationibus
993 1048 1156 1098 gratiam
1178 1048 1377 1087 rettulerit.
1438 1050 1543 1096 Qua-

209 1127 294 1151 rum
325 1120 507 1163 exspecta
538 1113 712 1151 divinam
743 1114 979 1165 παλινῳδίαν.
1040 1113 1197 1151 Etenim
1229 1121 1421 1162 quantum
1452 1126 1542 1151 con-

209 1180 355 1218 iectura
384 1193 630 1229 auguramur,
653 1179 684 1217 si
714 1179 785 1218 erit
815 1179 962 1218 nebulo
992 1179 1064 1217 iste
1093 1193 1183 1217 cum
1214 1179 1274 1216 his
1304 1178 1478 1228 dynastis
1502 1178 1541 1215 in

208 1245 341 1294 gratia,
358 1259 437 1282 non
460 1247 582 1283 modo
603 1246 653 1282 de
674 1245 814 1294 cynico
828 1244 1023 1283 consulari
1044 1246 1114 1282 sed
1135 1258 1184 1282 ne
1205 1245 1255 1282 de
1276 1244 1357 1282 istis
1378 1244 1540 1294 quidem
1565 1258 1600 1289 ¹5

210 1311 448 1360 piscinarum
470 1309 701 1347 Tritonibus
723 1310 865 1359 poterit
886 1324 927 1348 se
948 1310 1101 1348 iactare.
1162 1311 1254 1347 Non
1276 1309 1381 1348 enim
1404 1310 1542 1360 poteri-

210 1389 296 1412 mus
330 1376 409 1412 ulla
441 1388 525 1413 esse
558 1374 705 1412 invidia
736 1374 891 1424 spoliati
925 1374 1067 1425 opibus
1094 1382 1132 1412 et
1160 1374 1224 1412 illa
1253 1374 1447 1412 senatoria
1477 1388 1543 1424 po-

209 1440 339 1478 tentia.
399 1440 466 1478 Sin
496 1448 628 1478 autern
659 1441 710 1478 ab
740 1440 785 1477 iis
815 1439 1028 1486 dissentiet,
1053 1439 1123 1478 erit
1157 1440 1371 1478 absurdum
1403 1439 1441 1477 in
1470 1453 1543 1477 nos

209 1505 350 1543 invehi.
410 1507 557 1543 Verum
589 1513 720 1543 tamen
752 1505 967 1543 invehatur.
1028 1504 1192 1551 Festive,
1222 1505 1317 1542 mihi
1347 1507 1477 1552 crede,
1504 1514 1542 1544 et

210 1570 360 1608 minore
390 1570 521 1608 sonitu
552 1584 669 1620 quam
702 1578 892 1620 putaram,
921 1569 1026 1608 orbis
1059 1570 1122 1607 hic
1154 1570 1192 1607 in
1225 1584 1264 1609 re
1294 1571 1452 1620 publica
1483 1579 1540 1609 est
1563 1584 1601 1605 20

207 1649 418 1674 conversus
436 1635 549 1672 citius
567 1635 731 1672 omnino
748 1649 866 1684 quam
884 1635 1011 1684 potuit
1028 1650 1035 1681 ;
1066 1635 1130 1675 †id
1152 1636 1266 1684 culpa
1281 1635 1455 1681 Catonis,
1471 1636 1540 1673 sed

208 1715 337 1739 rursus
359 1700 609 1750 improbitate
638 1700 800 1738 istorum
828 1700 895 1750 qui
922 1700 1106 1750 auspicia,
1130 1700 1196 1750 qui
1222 1700 1375 1738 Aeliam
1400 1702 1537 1750 legem,

207 1766 273 1816 qui
297 1766 451 1804 Iuniam
477 1773 514 1803 et
541 1765 745 1811 Liciniam,
769 1766 835 1815 qui
864 1766 1076 1805 Caeciliam
1108 1773 1145 1804 et
1175 1765 1334 1803 Didiam
1366 1768 1540 1816 neglexe-

208 1839 308 1878 runt,
332 1831 398 1881 qui
426 1830 560 1868 omnia
587 1831 761 1869 remedia
785 1831 837 1869 rei
866 1831 1048 1881 publicae
1069 1832 1302 1876 effuderunt,
1325 1830 1391 1880 qui
1422 1845 1539 1880 regna

208 1897 275 1947 qui
306 1896 465 1947 praedia
495 1896 707 1942 tetrarchis,
731 1896 797 1946 qui
829 1896 1011 1934 immanis
1041 1895 1228 1945 pecunias
1258 1895 1392 1945 paucis
1422 1897 1539 1933 dede·
1560 1908 1597 1938 25

208 1970 306 2000 runt.
366 1961 496 1999 Video
517 1961 594 1998 iam
616 1975 696 2010 quo
717 1961 864 1999 invidia
885 1969 1054 1999 transeat
1082 1968 1119 1998 et
1144 1959 1211 1998 ubi
1236 1959 1283 1997 sit
1305 1959 1535 1998 habitatura.

210 2027 318 2064 Nihil
361 2040 423 2064 me
467 2026 697 2064 existimaris
738 2040 867 2075 neque
914 2039 985 2064 usu
1028 2039 1158 2075 neque
1198 2038 1221 2062 a
1262 2026 1539 2074 Theophrasto

207 2091 401 2137 didicisse,
426 2090 499 2128 nisi
530 2091 635 2129 brevi
659 2099 834 2141 tempore
865 2091 1075 2129 desiderari
1106 2097 1237 2128 nostra
1269 2089 1333 2127 illa
1363 2098 1539 2139 tempora

251 2205 269 2232 3
296 2194 432 2234 Subito]
464 2194 630 2224 S.V.B.E.
660 2193 811 2224 Muretus
958 2205 976 2232 4
1002 2193 1159 2223 elicerem
1186 2191 1258 2222 add.
1284 2192 1382 2222 Rom.
1517 2193 1538 2221 6

207 2238 357 2269 abdisM
382 2238 546 2277 (mmglt
570 2238 665 2267 addis
694 2237 735 2267 M
922 2247 959 2267 12
999 2235 1221 2275 putidissimis
1258 2236 1426 2265 Turnebus
1457 2235 1541 2265 Reid

212 2292 247 2320 17
273 2283 305 2312 in
331 2282 455 2311 invidia
480 2281 500 2310 I
521 2281 629 2312 Cmt.:
671 2292 735 2311 om.
766 2281 799 2310 in
825 2281 865 2310 M
887 2285 970 2312 reae,
998 2281 1034 2318 cf
1055 2280 1126 2309 Att.
1155 2290 1184 2309 v.
1210 2289 1255 2317 14.
1284 2289 1314 2314 2,
1343 2279 1423 2319 Rep.
1448 2280 1489 2310 vi.
1518 2290 1537 2309 2

207 2335 245 2354 21
273 2325 400 2365 potuit]
430 2325 579 2363 oportuit
603 2323 736 2354 Ernesti
756 2335 794 2354 ex
816 2323 881 2353 cod.
905 2323 1052 2362 quodam
1187 2322 1286 2360 idque
1310 2322 1388 2352 coni.
1413 2322 1535 2352 llbsen—

207 2371 281 2408 berg
413 2378 452 2397 22
478 2367 608 2407 rursus]
631 2378 768 2397 eversus
786 2367 835 2396 Fr.
854 2366 1021 2397 Sclmn'dt:
1049 2375 1231 2395 conversus
1253 2364 1374 2395 Vahlen
1494 2375 1534 2404 25

206 2412 278 2452 qui]
304 2413 358 2450 qui
386 2423 415 2450 p.
439 2422 461 2441 r.
484 2411 657 2451 (zpopnli
679 2411 840 2440 Romanii
860 2409 1011 2440 Ernesti:
1046 2410 1139 2448 quasi
1161 2409 1259 2438 Klots
1494 2410 1535 2438 28

208 2456 270 2486 nisi
289 2455 326 2485 I:
351 2456 377 2485 si
397 2454 436 2483 M
