1773 2651
586 139 698 176 EPP.
731 139 809 175 AD
839 136 1098 175 ATTICVM
1462 134 1538 170 ΙΙΙ.
1558 132 1618 168 xii

218 245 310 280 XII
412 247 479 278 Ser.
507 247 745 278 Thessalonicae
761 246 820 276 xvi
833 246 908 276 Kal.
928 244 1016 275 Sext.
1037 256 1067 275 α.
1090 245 1152 285 696
1171 245 1183 285 (
1191 244 1261 284 58).

591 324 765 354 CICERO
791 323 963 352 ATTICO
990 322 1087 352 SAL.

229 405 292 441 Tu
323 402 483 452 quidem
514 403 652 440 sedulo
684 400 964 450 argumentaris
995 399 1089 449 quid
1121 400 1168 438 sit
1199 400 1435 449 sperandum
1468 405 1504 436 et
1525 408 1541 435 1

176 468 345 506 maxime
384 482 452 518 per
491 475 668 506 senatum
711 467 897 516 idemque
937 473 1054 515 caput
1093 464 1304 515 rogationis
1339 463 1506 513 proponi

138 544 154 574 5
176 534 312 572 scribis
342 547 419 583 qua
450 547 489 571 re
521 533 560 570 in
591 540 729 571 senatu
759 531 837 570 dici
873 532 968 569 nihil
1004 531 1129 570 liceat,
1191 532 1331 579 Itaque
1363 529 1505 567 siletur.

178 598 258 636 Hic
279 606 319 636 tu
343 612 405 636 me
425 611 586 636 accusas
604 598 712 647 quod
734 610 797 634 me
817 598 1029 645 adflictem,
1048 610 1138 635 cum
1160 596 1213 633 ita
1235 594 1305 632 sim
1327 593 1508 631 adflictus

176 671 217 701 ut
253 676 371 701 nemo
406 676 609 712 umquam,
643 663 750 712 quod
787 670 868 701 tute
908 662 1110 712 intellegis.
1175 662 1292 709 Spem
1333 658 1509 696 ostendis

177 729 395 767 secundum
436 727 605 766 comitia.
671 730 784 777 Quae
820 728 892 766 ista
930 735 988 766 est
1020 728 1161 765 eodem
1197 724 1354 762 tribuno
1389 724 1438 772 pl.
1472 730 1509 760 et

178 793 339 831 inimico
366 794 528 831 consule
550 792 784 842 designato?
834 792 1061 831 Percussisti
1082 798 1213 829 autern
1236 803 1298 827 me
1320 788 1436 827 etiam
1459 789 1508 826 de

120 873 159 894 10
178 858 354 896 oratione
384 859 544 908 prolata.
605 858 680 897 Cui
715 858 864 896 vulneri
900 866 941 895 ut
977 856 1111 895 scribis
1147 856 1318 900 medere,
1348 853 1378 891 si
1414 852 1552 902 quid2

178 931 301 973 potes.
372 922 515 972 Scripsi
556 922 741 972 equidem
782 923 874 961 olim
917 922 950 960 ei
992 922 1119 967 iratus,
1157 920 1265 969 quod
1305 918 1368 956 ille
1408 917 1511 967 prior

180 989 397 1038 scripserat,
419 989 488 1026 sed
516 988 568 1026 ita
595 1001 903 1038 compresseram
930 994 971 1024 ut
996 999 1213 1035 numquam
1242 990 1510 1022 emanaturam

179 1062 368 1104 putarem.
433 1056 525 1103 Quo
566 1055 687 1092 modo
726 1052 911 1092 exciderit
951 1051 1094 1090 nescio.
1164 1051 1241 1088 Sed
1277 1049 1368 1099 quia
1403 1062 1513 1086 num-

179 1133 298 1169 quam
334 1118 479 1157 accidit
509 1127 550 1156 ut
580 1133 671 1156 cum
711 1132 758 1156 eo
788 1119 908 1156 verbo
940 1130 1020 1154 uno
1056 1123 1322 1154 concertarem
1353 1121 1390 1151 et
1421 1113 1512 1162 quia

122 1198 157 1230 15
180 1185 322 1234 scripta
351 1184 447 1221 mihi
468 1184 622 1222 videtur
649 1182 918 1234 neglegentius
947 1195 1066 1232 quam
1094 1188 1256 1226 ceterae,
1279 1187 1375 1229 puto
1397 1192 1512 1228 posse

179 1249 335 1300 probari
370 1263 450 1287 non
487 1263 571 1288 esse
611 1263 750 1287 meam.
813 1249 875 1296 Id,
910 1247 941 1285 si
976 1254 1089 1297 putas
1124 1259 1187 1283 me
1221 1258 1337 1294 posse
1372 1242 1508 1288 sanari,

179 1329 290 1354 cures
316 1315 459 1362 velim;
493 1314 552 1352 sin
579 1316 695 1364 plane
722 1313 828 1364 perii,
852 1313 982 1351 minus
1009 1313 1156 1350 laboro.

235 1382 320 1431 Ego
347 1380 465 1419 etiam
493 1394 599 1418 nunc
627 1381 767 1418 eodem
790 1378 830 1416 in
852 1380 941 1417 loco
968 1378 1077 1416 iaceo
1106 1376 1189 1414 sine
1216 1388 1397 1414 sermone
1419 1375 1509 1419 ullo,
1531 1379 1556 1416 3

179 1445 262 1483 sine
283 1445 521 1495 cogitatione
542 1446 629 1482 ulla.
691 1444 846 1482 Scilicet
868 1443 952 1485 tibi,
966 1450 1007 1480 ut
1027 1441 1177 1483 scribis.
1192 1441 1448 1490 significaram
1471 1446 1512 1476 ut

121 1526 159 1547 20
178 1512 229 1549 ad
257 1524 320 1549 me
345 1510 496 1549 venires
514 1525 524 1558 3
553 1510 613 1549 *ssi
634 1510 822 1548 donatam
844 1512 916 1548 ut†
937 1508 1121 1557 intellego
1143 1514 1180 1544 te
1206 1505 1291 1543 istic
1312 1506 1513 1555 prodesse,

179 1575 243 1613 hic
273 1589 323 1614 ne
352 1576 472 1614 verbo
507 1574 668 1624 quidem
700 1576 826 1612 levare
862 1587 924 1612 me
954 1586 1080 1623 posse.
1146 1573 1239 1609 Non
1270 1583 1373 1620 queo
1402 1570 1512 1618 plura

179 1640 348 1679 scribere
387 1654 460 1679 nec
500 1648 557 1678 est
597 1640 706 1689 quod
750 1639 944 1685 scribam3
987 1645 1113 1676 vestra
1152 1635 1273 1686 magis
1314 1641 1509 1685 exspecto.

181 1707 284 1743 Data
311 1718 381 1744 xvl
413 1707 500 1744 Kal.
529 1705 681 1744 Sextilis
703 1704 1021 1742 Thessalonicae.

223 1817 340 1852 XIII
453 1821 523 1852 Ser.
550 1820 792 1851 Thessalonicae
807 1819 895 1850 Non.
914 1818 1001 1849 Sari.
1023 1829 1052 1849 a.
1076 1818 1139 1858 696
1155 1818 1166 1859 (
1176 1816 1245 1857 58).

123 1895 160 1928 25
599 1898 773 1929 CICERO
799 1897 972 1928 ATTICO
998 1896 1094 1927 SAL.

234 1978 355 2025 Quod
389 1978 439 2015 ad
475 1984 512 2014 te
551 1975 779 2025 scripseram
819 1988 882 2012 me
922 1974 960 2011 in
1002 1973 1121 2023 Epiro
1156 1974 1339 2018 futurum,
1372 1977 1544 2020 posteal

179 2055 298 2092 quam
329 2041 527 2080 extenuari
559 2054 669 2090 spem
706 2047 878 2077 nostram
914 2046 951 2076 et
981 2050 1212 2076 evanescere
1242 2036 1332 2082 vidi,
1364 2035 1509 2073 mutavi

180 2106 387 2145 consilium
409 2120 481 2144 nec
503 2119 566 2143 me
580 2104 863 2143 Thessalonica
884 2102 1093 2149 commovi,
1110 2101 1176 2140 ubi
1194 2115 1278 2140 esse
1300 2109 1510 2138 statueram

225 2220 244 2249 5
269 2211 377 2243 liceat.
398 2211 509 2248 itaque
527 2209 621 2239 sileri
639 2209 717 2238 coni.
739 2207 932 2247 Malaspina
1048 2216 1082 2235 11
1110 2206 1140 2235 ei
1158 2216 1223 2235 om.
1246 2205 1329 2234 Rav.
1349 2204 1370 2233 I
1474 2213 1512 2241 15

182 2263 284 2293 posse
313 2253 354 2283 M
378 2253 539 2293 (marg.):
577 2262 652 2282 esse
679 2251 717 2281 M
884 2261 921 2288 19
946 2249 1083 2279 Scilicet
1114 2248 1272 2288 Madvzg:
1312 2247 1389 2277 licet
1421 2247 1510 2277 codd.

181 2297 407 2336 significaram
425 2295 582 2336 Madvzg:
609 2305 715 2325 -arem
741 2294 828 2324 codd.
849 2305 855 2324 z
882 2294 977 2323 —arim
1008 2292 1082 2323 Vici.
1174 2303 1216 2322 20
1240 2293 1266 2321 si
1286 2292 1443 2321 donatam
1462 2289 1514 2329 ut]

183 2342 216 2371 id
235 2340 385 2371 omittam
404 2345 439 2370 ut
456 2340 533 2370 coni.
559 2338 749 2368 Turnebus:
774 2338 804 2367 id
822 2338 1018 2368 omittamus
1044 2335 1198 2375 Madvzg:
1226 2336 1379 2373 Dodona,
1400 2339 1514 2364 tamen

183 2383 393 2424 Malaspt'na:
420 2384 479 2413 sed
508 2393 613 2422 opera
637 2388 692 2412 tua
714 2382 795 2412 mihi
820 2381 958 2411 Miiller:
985 2381 1012 2410 si
1040 2379 1253 2410 inclamarem
1272 2377 1357 2408 Reid
1463 2377 1512 2418 te]

183 2433 216 2458 te
234 2438 269 2457 re
283 2431 351 2458 vett.
