1732 2661
179 194 208 231 I.
232 195 309 230 xiv
625 194 679 230 M.
712 193 880 229 TVLLI
912 190 1218 229 CICERONIS

214 314 236 352 7
312 306 429 342 Nunc
462 312 503 341 ut
535 304 585 341 ad
618 302 765 352 privata
800 303 972 344 redeam,
1006 304 1155 350 Τεῦκρις
1184 301 1376 350 promissa
1410 299 1584 349 patravit.

256 371 318 407 Tu
359 370 543 406 mandata
583 369 692 405 effice
732 380 833 416 quae
872 365 1061 416 recepisti.
1143 365 1314 414 Quintus
1355 367 1479 410 frater,
1520 364 1587 413 qui

256 433 471 482 Argiletani
501 432 655 470 aedifici
683 431 879 480 reliquum
908 432 1144 469 dodrantem
1174 430 1269 468 emit
1301 432 1371 468 Hs
1404 441 1584 474 Dccxxv‚

256 500 527 535 Tusculanum
544 496 730 541 venditat,
748 504 800 542 ut,
820 495 850 533 si
872 495 1009 545 possit,
1026 504 1129 533 emat
1147 495 1386 533 Pacilianam
1407 496 1584 532 domum.

256 564 358 601 Cum
382 561 552 599 Lucceio
574 561 613 598 in
634 560 796 610 gratiam
818 559 924 598 redii.
984 560 1115 598 Video
1135 559 1338 598 hominem
1359 560 1473 596 valde
1494 558 1587 608 peti-
1607 573 1623 603 5

255 627 380 665 turire.
453 627 620 664 Navabo
660 639 830 675 operam.
902 627 965 662 Tu
1005 625 1102 674 quid
1135 638 1239 674 agaS,
1273 624 1341 662 ubi
1380 624 1442 670 sis,
1476 623 1587 661 cuius

256 692 363 730 modi
394 692 489 730 istae
520 705 579 729 res
605 690 692 737 sint,
716 692 777 728 sac
804 704 867 728 me
895 704 1015 740 quam
1041 688 1339 740 diligentissime
1368 688 1583 728 certiorem.

256 756 395 795 Idibus
417 756 526 794 Febr.

296 886 381 921 XV
599 889 667 921 Scr.
690 890 821 920 Romae
838 889 886 921 ld.
903 889 1003 920 Mart.
1022 901 1053 920 a.
1072 891 1130 929 693
1149 888 1234 930 (61).

669 979 844 1009 CICERO
877 978 1050 1009 ATTICO
1085 978 1180 1009 SAL.
1610 989 1648 1011 10

217 1080 235 1107 1
308 1067 442 1105 Asiam
471 1066 633 1115 Quinto,
658 1065 891 1104 suavissimo
916 1065 1034 1112 fratri,
1062 1065 1248 1115 obtigisse
1278 1065 1432 1104 audisti.
1494 1067 1587 1104 Non

254 1132 359 1170 enim
388 1133 528 1171 dubito
558 1131 653 1181 quin
681 1130 845 1168 celerius
871 1130 942 1168 tibi
970 1131 1046 1169 hoc
1073 1144 1206 1168 rumor
1233 1144 1352 1180 quam
1377 1130 1492 1169 ullius
1522 1144 1589 1168 no-

255 1205 377 1235 strum
406 1197 554 1235 litterae
583 1195 808 1234 nuntiarint.
871 1197 990 1233 Nunc
1018 1195 1206 1245 quoniam
1232 1203 1270 1233 et
1297 1195 1423 1233 laudis
1450 1195 1589 1234 avidis-

254 1262 342 1300 simi
364 1275 518 1311 semper
538 1261 682 1299 fuimus
711 1268 749 1298 et
776 1267 928 1310 praeter
954 1267 1104 1298 ceteros
1135 1262 1362 1309 φιλέλληνες
1388 1268 1425 1298 et
1453 1273 1587 1297 sumus

255 1335 292 1365 et
314 1327 505 1365 habemur
535 1334 572 1364 et
598 1327 811 1364 multorum
834 1324 926 1363 odia
945 1332 1065 1375 atque
1086 1324 1310 1363 inimicitias
1331 1324 1384 1363 rei
1405 1324 1587 1374 publicae
1611 1341 1646 1371 15

255 1406 372 1430 causa
411 1391 667 1442 suscepimus,
709 1391 885 1440 παντοίης
927 1393 1057 1440 ἀρετῆς
1098 1392 1305 1441 μιμνήσκεο
1345 1404 1516 1440 curaque
1554 1395 1591 1427 et

211 1468 235 1495 2
256 1458 365 1495 effice
388 1464 429 1494 ut
455 1457 505 1495 ab
534 1456 720 1495 omnibus
745 1464 783 1494 et
810 1457 1016 1494 laudemur
1040 1463 1078 1494 et
1105 1470 1292 1494 amemur.
1355 1455 1431 1493 His
1458 1458 1508 1494 de
1536 1470 1588 1494 re-

256 1523 330 1560 bus
360 1523 470 1572 plura
498 1522 548 1559 ad
578 1529 614 1559 te
645 1521 683 1558 in
709 1535 755 1559 ea
779 1521 946 1571 epistula
976 1521 1144 1559 scribam
1176 1535 1296 1571 quam
1327 1521 1399 1571 ipsi
1436 1520 1588 1570 Quinto

256 1587 372 1625 dabo.
416 1588 478 1624 Tu
501 1599 563 1624 me
584 1585 700 1624 velim
717 1585 923 1624 certiorem
944 1585 1063 1624 facias
1085 1585 1181 1635 quid
1202 1587 1252 1624 de
1274 1585 1370 1623 meis
1392 1585 1588 1624 mandatis

256 1651 378 1701 egeris
399 1659 517 1701 atque
545 1650 662 1689 etiam
694 1650 790 1700 quid
815 1651 865 1689 de
891 1658 959 1688 tuo
985 1650 1170 1701 negotio3
1200 1664 1291 1688 nam
1313 1658 1355 1688 ut
1378 1650 1588 1689 Brundisio
1611 1666 1649 1687 20

256 1718 454 1766 profectus
472 1730 522 1761 es,
540 1717 669 1753 nullae
692 1715 787 1753 mihi
808 1716 879 1754 abs
901 1723 938 1754 te
960 1724 1050 1754 sunt
1071 1716 1247 1754 redditae
1261 1715 1419 1754 litterae.
1461 1716 1588 1754 Valde

256 1794 354 1820 aveo
375 1780 471 1818 scire
492 1780 588 1830 quid
609 1793 710 1829 agas.
772 1779 911 1818 Idibus
934 1779 1097 1819 Martiis.

301 1915 412 1951 XVI
590 1919 657 1950 Scr.
680 1919 810 1950 Romae
829 1931 873 1951 m.
897 1920 1009 1960 Quint.
1029 1931 1059 1952 a.
1079 1922 1137 1960 695
1155 1921 1238 1961 (61).

672 2008 849 2039 CICERO
874 2008 1044 2039 ATTICO
1070 2009 1168 2040 SAL.

223 2113 239 2140 1
314 2097 481 2146 Quaeris
508 2112 555 2136 ex
581 2112 644 2136 me
669 2098 765 2148 quid
793 2098 977 2136 acciderit
1005 2100 1055 2137 de
1083 2097 1228 2136 iudicio
1249 2099 1357 2148 quod
1383 2105 1461 2136 tam
1484 2112 1589 2148 prae·
1611 2113 1647 2144 ²5

261 2170 317 2201 ter
349 2162 580 2212 opinionem
613 2162 792 2201 omnium
823 2164 969 2201 factum
1000 2163 1059 2210 sit,
1082 2171 1120 2201 et
1150 2163 1265 2201 simul
1295 2162 1351 2200 vis
1382 2162 1479 2201 scire
1509 2177 1589 2212 quo

260 2229 382 2266 modo
404 2241 476 2277 ego
499 2227 627 2265 minus
649 2241 767 2277 quam
790 2229 938 2266 soleam
956 2227 1167 2277 proeliatus
1181 2227 1264 2265 sim.
1317 2228 1589 2277 Respondebo

261 2292 331 2330 tibi
353 2294 507 2342 ὕστερον
519 2294 697 2342 πρότερον
711 2292 929 2342 “Ομηρικῶς.
991 2295 1076 2342 Ego
1091 2292 1196 2330 enim
1211 2305 1329 2342 quam
1347 2292 1413 2330 diu
1431 2300 1588 2331 senatus

261 2356 471 2395 auctoritas
502 2357 597 2394 mihi
628 2358 880 2396 defendenda
910 2356 991 2403 fuit,
1024 2357 1079 2395 sic
1106 2356 1244 2395 acriter
1271 2364 1308 2394 et
1338 2357 1590 2395 vehementer

305 2471 324 2499 5
350 2461 434 2491 redii
449 2459 607 2500 Madm‘g:
633 2461 703 2491 redi
721 2459 808 2490 codd.
947 2463 985 2491 16
1009 2465 1042 2491 et
1059 2460 1132 2491 add.
1154 2460 1172 2490 I
