1732 2661
113 158 142 195 Ι.
167 158 274 194 xviii
598 158 652 194 M.
685 158 852 194 TVLLI
886 157 1191 195 CICERONIS

236 268 451 307 Memmius
482 268 560 306 suis
591 267 708 306 sacris
740 267 928 313 initiavit3
972 269 1179 306 Menelaus
1211 281 1324 317 aegre
1359 267 1398 306 id
1428 281 1564 318 passus

233 332 444 371 divortium
472 332 573 370 fecit.
634 333 888 381 Quamquam
920 331 983 370 ille
1008 340 1140 381 pastor
1167 333 1310 370 Idaeus
1334 333 1562 371 Menelaum

233 399 360 435 solum
391 404 691 447 contempserat,
715 396 778 434 hic
800 404 931 435 noster
953 397 1060 434 Paris
1082 404 1161 434 tam
1186 398 1414 435 Menelaum
1445 411 1563 447 quam

188 467 213 503 4
235 464 577 511 Agamemnonem
607 461 774 499 liberum
809 474 889 499 non
924 461 1084 511 putavit.
1146 464 1216 499 Est
1251 469 1382 500 autem
1416 462 1458 500 C.
1485 463 1565 501 He-

234 526 392 565 rennius
413 526 574 576 quidam
596 526 776 564 tribunus
800 528 863 576 pl.‚
888 540 1006 576 quem
1036 534 1077 564 tu
1104 528 1266 565 fortasse
1288 540 1337 564 ne
1359 526 1462 565 nosti
1483 527 1564 576 qui·
1584 540 1600 570 5

234 594 351 639 dem;
381 592 535 631 tametsi
563 600 675 642 potes
703 606 829 638 nosse,
854 592 1005 630 tribulis
1034 592 1138 630 enim
1168 600 1257 630 tuus
1286 600 1343 630 est
1365 600 1402 630 et
1424 594 1562 631 Sextus

231 665 340 707 pater
367 657 450 695 eius
474 670 660 695 nummos
687 657 799 695 vobis
829 656 1004 695 dividere
1030 657 1191 695 solebat.
1256 659 1294 694 Is
1323 658 1373 694 ad
1404 657 1561 706 plebem

231 725 271 760 P.
297 723 486 762 Clodium
514 722 682 760 traducit
712 722 898 772 idemque
926 723 997 760 fert
1024 730 1066 760 ut
1094 722 1297 760 universus
1324 723 1494 771 populus
1522 721 1561 759 in

229 801 371 838 campo
405 787 550 826 Martio
585 787 809 837 suffragium
845 788 895 825 de
929 801 968 825 re
1002 787 1119 826 Clodi
1156 788 1260 825 ferat.
1334 789 1456 824 Hunc
1488 801 1561 837 ego

228 853 363 902 accepi
391 853 430 891 in
458 860 607 899 senatu,
631 860 673 890 ut
694 854 812 898 soleo,
837 853 907 891 sed
930 852 1027 890 nihil
1048 859 1105 890 est
1133 852 1199 890 illo
1222 851 1382 890 homine
1404 851 1557 890 lentius.
1584 866 1623 888 10

186 923 210 961 5
231 920 417 957 Metellus
441 926 499 957 est
529 919 667 956 consul
695 918 870 968 egregius
898 925 935 955 et
957 930 1028 955 nos
1049 925 1165 964 amat,
1189 919 1258 956 sed
1280 916 1477 954 imminuit
1497 930 1562 954 au-

229 984 449 1022 ctoritatem
478 997 589 1022 suam
610 985 719 1033 quod
741 984 861 1022 habet
888 983 986 1021 dicis
1014 996 1131 1020 causa
1152 984 1441 1033 promulgatum
1464 982 1560 1020 illud

229 1048 334 1087 idem
356 1050 406 1087 de
428 1048 582 1088 Clodio.
635 1048 727 1086 Auli
747 1056 879 1086 autem
902 1047 1016 1094 filius,
1038 1062 1061 1085 o
1082 1047 1122 1086 di
1143 1047 1383 1085 immortales
1403 1050 1410 1085 1
1441 1061 1559 1097 quam

228 1113 389 1163 ignavus
419 1127 464 1152 ac
494 1113 578 1152 sine
607 1113 741 1151 animo
769 1113 903 1151 miles!
943 1126 1062 1162 quam
1092 1112 1234 1162 dignus
1266 1113 1333 1162 qui
1361 1112 1556 1159 Palicano,

181 1183 208 1220 6
229 1179 328 1217 sicut
349 1179 449 1226 facit,
474 1193 518 1218 os
544 1181 595 1218 ad
620 1181 722 1217 male
742 1178 987 1217 audiendum
1009 1178 1154 1217 cotidie
1176 1179 1384 1229 praebeat!
1443 1181 1560 1229 Agra-
1584 1193 1619 1223 15

228 1243 282 1281 ria
313 1251 446 1282 autem
474 1244 720 1293 promulgata
752 1250 809 1281 est
840 1256 863 1280 a
894 1242 1028 1281 Flavio
1059 1256 1153 1281 sane
1185 1242 1279 1281 levis
1311 1243 1451 1281 eadem
1481 1244 1559 1281 fere

228 1322 329 1358 quae
350 1308 421 1346 fuit
443 1308 579 1346 Plotia.
640 1309 717 1346 Sed
746 1307 893 1346 interea
913 1309 1102 1348 πολιτικὸς
1129 1309 1220 1358 ἀνὴρ
1247 1308 1321 1346 οὐδ’
1346 1309 1432 1357 ὄναρ
1459 1308 1559 1357 quis-

228 1387 347 1423 quam
369 1373 532 1412 inveniri
560 1381 688 1423 potest
707 1387 716 1419 3
746 1372 812 1422 qui
840 1380 1001 1422 poterat,
1026 1373 1223 1411 familiaris
1251 1380 1382 1411 noster
1408 1372 1480 1422 (sic
1501 1380 1558 1410 est

228 1437 358 1484 enimg
387 1439 477 1476 volo
507 1446 544 1477 te
575 1439 650 1476 hoc
681 1437 795 1487 scire)
828 1437 1040 1488 Pompeius
1070 1440 1243 1488 togulam
1276 1438 1382 1476 illam
1413 1438 1557 1487 pictam

227 1503 383 1542 silentio
409 1510 537 1542 tuetur
561 1516 682 1541 suam.
745 1504 908 1542 Crassus
939 1504 1101 1542 verbum
1134 1505 1285 1541 nullum
1315 1510 1451 1541 contra
1478 1516 1558 1552 gra·
1580 1517 1619 1538 20

227 1569 332 1607 tiam.
392 1569 555 1608 Ceteros
583 1568 660 1606 iam
688 1568 815 1615 nosti3
845 1568 911 1618 qui
942 1568 995 1606 ita
1023 1576 1113 1607 sunt
1140 1568 1246 1607 stulti
1277 1576 1319 1606 ut
1349 1568 1492 1606 amissa
1518 1581 1558 1605 re

182 1641 206 1679 7
227 1633 385 1683 publica
415 1633 584 1683 piscinas
612 1646 702 1671 suas
730 1634 812 1671 fore
840 1635 964 1671 salvas
995 1647 1148 1683 sperare
1169 1633 1384 1672 videantur.
1445 1634 1557 1670 Vnus

226 1706 284 1736 est
312 1698 379 1748 qui
406 1706 514 1737 curet
541 1698 762 1736 constantia
792 1698 915 1748 magis
941 1706 978 1736 et
1004 1698 1222 1749 integritate
1244 1712 1374 1748 quam,
1398 1706 1439 1736 ut
1461 1697 1556 1735 mihi

225 1763 391 1810 videtur,
414 1763 579 1802 consilio
608 1772 675 1802 aut
704 1763 875 1813 ingenio,
897 1765 998 1803 Cato
1016 1779 1022 1806 ς
1051 1764 1118 1814 qui
1140 1763 1301 1802 miseros
1323 1763 1556 1813 publicanos

227 1842 327 1879 quos
357 1829 494 1867 habuit
523 1829 814 1867 amantissimos
845 1829 903 1867 sui
934 1829 1090 1868 tertium
1122 1829 1199 1867 iam
1234 1842 1411 1867 mensem
1444 1836 1556 1867 vexat
1577 1841 1614 1872 25

227 1908 357 1944 neque
387 1894 432 1932 iis
461 1908 484 1932 a
513 1902 650 1933 senatu
679 1908 911 1944 responsum
940 1895 1022 1933 dari
1048 1894 1201 1945 patitur.
1263 1896 1324 1932 Ita
1353 1907 1426 1932 nos
1455 1893 1556 1943 cogi-

229 1973 315 1997 mur
354 1958 512 2008 reliquis
547 1960 597 1997 de
628 1959 744 1998 rebus
778 1959 875 1997 nihil
907 1960 1119 1998 decernere
1158 1966 1248 1997 ante
1283 1971 1401 2008 quam
1432 1957 1556 2007 publi-

226 2023 334 2062 canis
364 2037 595 2074 responsum
627 2024 684 2061 sit.
747 2025 837 2072 Qua
858 2038 897 2062 re
919 2023 1036 2062 etiarn
1059 2023 1272 2073 legationes
1294 2022 1481 2061 reiectum
1512 2020 1555 2059 iri

225 2097 333 2140 puto.

181 2154 206 2191 8
282 2156 399 2192 Nunc
430 2154 538 2193 vides
571 2153 714 2204 quibus
741 2154 924 2192 fiuctibus
956 2154 1155 2200 iactemur,
1183 2161 1220 2192 et
1248 2153 1278 2191 si
1305 2167 1351 2192 ex
1377 2153 1422 2190 iis
1452 2166 1553 2203 quae
1574 2165 1613 2195 30

226 2219 452 2269 scripsimus
484 2227 592 2257 tanta
623 2219 740 2257 etiam
771 2232 794 2256 a
826 2232 889 2256 me
921 2232 1002 2256 non
1034 2218 1176 2268 scripta
1205 2217 1401 2268 perspicis,
1432 2216 1554 2255 revise

227 2298 300 2322 nos
334 2284 548 2334 aliquando
582 2291 630 2330 et,
665 2296 907 2333 quamquam
940 2291 1030 2321 sunt
1061 2284 1159 2321 haec
1191 2282 1377 2333 fugienda
1407 2296 1487 2332 quo
1518 2290 1554 2320 te

228 2362 337 2395 voco,
362 2357 494 2387 tamen
522 2350 581 2386 fac
610 2356 651 2385 ut
682 2361 858 2386 amorem
891 2356 1068 2385 nostrum
1100 2347 1196 2385 tanti
1226 2347 1406 2385 aestimes
1436 2354 1478 2384 ut
1507 2359 1555 2384 eo

579 2453 617 2481 16
635 2455 710 2492 post
722 2456 834 2482 autem
852 2450 927 2482 add.
949 2450 1004 2481 lex
1026 2451 1211 2491 chscnbetg
