1773 2651
153 173 224 212 IV.
242 173 334 209 xvii
638 173 694 210 M.
726 173 895 210 TVLLI
928 172 1234 211 CICERONIS

276 286 436 323 Abdera
456 298 535 323 non
563 292 717 323 tacente
739 298 811 323 me.
875 284 993 323 Dices
1018 286 1192 323 ‘Tamen
1214 292 1255 322 tu
1276 298 1356 322 non
1385 283 1604 334 quiescis?'

278 351 455 399 Ignosce,
478 349 539 387 vix
564 363 735 399 possum.
796 351 944 387 Verum
975 358 1106 387 tamen
1135 349 1230 398 quid
1259 357 1337 387 tam
1366 349 1606 387 ridiculum?

276 416 443 452 Senatus
472 415 695 452 decreverat
726 428 775 452 ne
806 414 911 463 prius
941 414 1101 452 comitia
1130 415 1368 452 haberentur
1397 427 1515 463 quam
1545 415 1607 451 lex

276 480 352 516 lata
396 486 498 517 esset
513 493 523 525 3
569 479 600 516 si
644 478 711 528 qui
755 478 1046 525 intercessisset,
1088 492 1147 517 res
1195 479 1345 528 integra
1391 480 1603 516 referretur.

277 544 430 593 Coepta
450 543 537 581 ferri
558 543 702 589 leviter,
722 543 977 581 intercessum
1000 557 1080 581 non
1102 543 1242 589 invitis,
1262 557 1321 581 res
1341 544 1392 581 ad
1413 551 1603 581 senatum.
1627 558 1643 589 5

278 609 338 646 De
370 621 416 646 ea
450 622 489 646 re
524 608 576 646 ita
614 616 851 646 censuerunt
885 608 1045 646 comitia
1078 608 1205 658 primo
1237 622 1396 658 quoque
1430 616 1608 658 tempore

276 673 410 711 haberi
437 686 522 711 esse
549 687 570 711 e
595 687 634 711 re
661 673 829 723 publica.

43 733 142 783 <XV1·
172 734 211 784 7)
230 743 255 779 4
331 739 498 776 Scaurus
533 738 600 788 qui
627 746 707 776 erat
735 738 870 788 paucis
899 738 1040 777 diebus
1068 738 1142 777 illis
1171 740 1386 785 absolutus,
1414 753 1505 778 cum
1535 752 1608 789 ego

277 808 476 853 †patrem†
515 804 598 842 eius
639 804 885 842 ornatissime
923 805 1201 851 defendissem,
1239 804 1608 843 obnuntiationibus

277 882 344 918 per
365 869 594 907 Scaevolam
616 869 853 919 interpositis
878 869 1039 919 singulis
1061 870 1201 908 diebus
1222 883 1346 919 usque
1367 871 1416 907 ad
1437 883 1491 919 pr.
1517 870 1604 906 Kal.
1631 885 1668 906 10

278 933 453 979 Octobr.‚
478 947 556 984 quo
584 948 656 984 ego
684 936 781 972 haec
809 934 873 972 die
900 934 1047 984 scripsi,
1071 935 1233 973 sublatis
1260 936 1408 984 populo
1432 933 1608 972 tributim

277 998 387 1036 domi
415 1012 509 1036 suae
535 999 626 1036 satis
655 1000 808 1037 fecerat.
869 1000 947 1037 Sed
969 1007 1101 1037 tamen
1127 999 1199 1038 etsi
1224 999 1379 1037 uberior
1399 998 1609 1037 liberalitas

278 1063 404 1109 huius,
428 1063 570 1113 gratior
590 1077 674 1102 esse
695 1064 902 1102 videbatur
928 1078 1063 1103 eorum
1086 1064 1153 1115 qui
1175 1071 1423 1114 occuparant.
1484 1065 1610 1113 Cupe-

278 1142 358 1166 rem
384 1130 535 1166 vultum
560 1128 691 1167 videre
719 1136 830 1167 tuum
858 1143 949 1167 cum
979 1131 1077 1168 haec
1107 1131 1277 1179 legeres3
1312 1143 1403 1167 nam
1433 1129 1610 1178 profecto

278 1208 388 1244 spem
424 1194 545 1232 babes
584 1196 731 1232 nullam
772 1196 869 1233 haec
908 1195 1065 1245 negotia
1099 1196 1309 1232 multarum
1343 1193 1609 1232 nundinarum
1633 1207 1670 1238 15

279 1261 369 1298 fore.
431 1261 508 1298 Sed
543 1268 701 1298 senatus
736 1260 856 1298 hodie
888 1262 1011 1298 fuerat
1040 1262 1202 1307 futurus,
1227 1260 1266 1298 id
1291 1267 1349 1298 est
1376 1260 1463 1297 Kal.
1494 1259 1611 1297 Octo-

278 1325 437 1370 bribus;
468 1325 544 1363 iam
572 1325 678 1363 enim
707 1325 870 1363 luciscit.
932 1325 994 1364 Ibi
1019 1327 1201 1375 loquetur
1220 1332 1372 1375 praeter
1387 1324 1552 1362 Antium
1573 1330 1612 1361 et

280 1390 499 1428 Favonium
525 1390 646 1428 libere
674 1404 818 1438 nemo3
848 1404 940 1428 nam
962 1392 1064 1430 Cato
1089 1398 1273 1442 aegrotat.
1335 1392 1397 1428 De
1424 1403 1488 1428 me
1514 1388 1611 1427 nihil

279 1455 463 1502 timueris,
488 1457 557 1494 sed
580 1463 710 1494 tamen
733 1456 920 1506 promitto
942 1455 1049 1494 nihil.

45 1515 147 1564 (XVI.
173 1515 214 1565 8)
235 1524 259 1562 5
334 1521 442 1569 Quid
477 1521 630 1570 quaeris
669 1521 806 1559 aliud?
854 1521 1020 1569 Iudicia,
1052 1522 1180 1560 credo.
1247 1523 1409 1567 Drusus,
1444 1521 1612 1558 Scaurus
1635 1534 1673 1556 20

279 1599 359 1624 non
390 1586 528 1624 fecisse
556 1586 747 1624 videntur.
807 1588 905 1624 Tres
938 1586 1138 1625 candidati
1166 1588 1248 1625 fore
1277 1586 1330 1624 rei
1360 1586 1610 1636 putabantur,

281 1651 480 1689 Domitius
500 1665 523 1689 a
546 1651 750 1699 Memmio,
772 1653 959 1689 Messalla
979 1665 1002 1689 a
1024 1652 1072 1700 Q.
1093 1651 1284 1701 Pompeio
1307 1652 1426 1695 Rufo,
1445 1652 1612 1688 Scaurus

278 1730 301 1754 a
321 1716 472 1754 Triario
503 1724 569 1754 aut
603 1730 625 1754 a
658 1718 700 1754 L.
735 1717 912 1755 Caesare.
977 1716 1107 1765 ‘Quid
1138 1716 1304 1766 poteris'
1334 1715 1487 1765 inquies
1519 1719 1612 1765 ‘pro

278 1781 323 1819 iis
348 1781 528 1820 dicere?'
577 1783 639 1820 Ne
660 1782 787 1819 vivam
811 1783 849 1820 si
868 1782 973 1829 scio;
1004 1782 1043 1819 in
1068 1781 1142 1819 illis
1170 1781 1330 1831 quidem
1356 1781 1478 1819 tribus
1503 1780 1610 1818 libris

279 1860 378 1896 quos
400 1855 441 1884 tu
462 1847 641 1885 dilaudas
663 1847 759 1885 nihil
780 1847 941 1897 reperio.
1631 1860 1669 1892 25

19 1909 119 1962 (xvi.
147 1910 212 1962 13)
233 1913 260 1950 6
334 1913 542 1962 Cognosce
566 1919 704 1950 cetera.
767 1914 826 1950 Ex
846 1912 971 1950 fratris
992 1912 1126 1951 litteris
1148 1911 1393 1951 incredibilia
1414 1912 1610 1961 quaedam

325 2027 341 2056 7
367 2026 443 2047 esse
462 2028 479 2047 e
498 2027 533 2046 re
552 2017 687 2056 publica
704 2016 824 2046 Iunius
839 2029 845 2047 :
870 2026 1011 2047 censere
1029 2016 1086 2047 M:
1113 2028 1189 2048 esse
1206 2028 1225 2047 e
1242 2028 1277 2047 re
1294 2017 1416 2046 Bosius
1591 2027 1612 2055 9

280 2059 424 2100 patrem]
437 2065 568 2099 partem
581 2061 675 2091 Man.
698 2072 704 2091 z
729 2066 892 2099 patronus
905 2071 974 2090 rem
986 2060 1158 2091 Mentem»
1262 2070 1298 2098 13
1324 2060 1401 2089 Post
1418 2060 1515 2089 huius
1532 2060 1607 2090 add.

279 2109 353 2134 erat
375 2104 562 2144 Wesenbmg
654 2114 691 2141 14
717 2104 811 2143 leges
826 2103 1011 2134 Gronovius
1114 2115 1151 2143 15
1177 2115 1271 2143 spem
1286 2103 1406 2134 Lamb.
1429 2115 1435 2133 :
1462 2114 1530 2133 rem
1544 2103 1615 2132 ΜΖ

280 2147 421 2187 nullam]
441 2158 508 2177 non
527 2147 650 2177 nullam
669 2147 755 2177 Boot
889 2149 927 2178 16
951 2148 1074 2188 fuerat]
1094 2153 1166 2178 erat
1182 2148 1266 2178 Boot
1387 2157 1423 2185 17
1452 2147 1610 2176 Rantium

278 2191 435 2221 Bz'iclzeler
454 2191 520 2222 coll.
550 2191 584 2222 C.
605 2191 629 2221 l.
650 2191 687 2221 L.
708 2202 740 2221 X.
761 2192 846 2230 6797
1006 2193 1043 2221 18
1069 2192 1174 2222 libere
1201 2191 1327 2221 CNOP
1347 2193 1450 2221 Ant:
1475 2190 1558 2220 liber
1582 2195 1610 2219 Δ

279 2245 318 2264 21
344 2234 542 2265 videbantur
558 2234 689 2264 Ernesti
819 2245 859 2273 24
885 2235 910 2264 si
929 2234 1003 2265 add.
1024 2236 1111 2275 vulg.
1232 2245 1272 2272 25
1297 2245 1380 2273 quos
1405 2239 1438 2264 tu
1459 2234 1611 2264 dilaudas

283 2277 358 2308 Vict.
376 2279 414 2317 cf
432 2279 473 2307 vi.
492 2288 521 2316 3.
541 2288 561 2317 3
577 2289 583 2308 ε
609 2288 675 2317 quo
697 2279 808 2308 studio
828 2278 944 2308 laudas
960 2277 1045 2308 CM:
1069 2289 1155 2317 quos
1177 2279 1287 2308 studio
1309 2278 1425 2308 laudas
1443 2277 1528 2307 Reid
1543 2278 1608 2309 coll.

281 2320 374 2351 Rosc.
392 2321 474 2353 Am.
495 2322 611 2360 91fi11.
747 2321 839 2360 Quae
863 2326 1049 2360 sequuntur
1071 2333 1170 2361 nsque
1185 2322 1231 2352 ad
1244 2332 1408 2361 quaerere
1427 2324 1460 2362 (ξ
1481 2331 1496 2359 7
1514 2322 1534 2352 l.
1553 2322 1608 2359 22)

280 2364 459 2394 secundum
484 2365 630 2394 ordinem
655 2364 966 2394 Monunsem'anmn
990 2369 1066 2404 post
1091 2367 1139 2396 16.
1163 2375 1179 2404 7
1208 2366 1383 2404 (respondi
1408 2365 1427 2396 l.
1449 2368 1481 2404 5]
1503 2366 1609 2405 posita

281 2418 400 2438 necesse
430 2411 476 2437 est
506 2408 660 2448 epistulae
686 2418 721 2446 17
755 2407 941 2448 adiungere,
976 2408 1068 2447 quod
1091 2409 1194 2438 Cicero
1221 2409 1341 2438 litteras
1369 2420 1389 2438 a
1415 2408 1550 2438 Caesare
1572 2418 1611 2437 ex

280 2450 457 2481 Britannia
480 2451 577 2481 datas
598 2456 672 2481 ante
687 2455 852 2482 exeuntem
879 2462 1023 2482 mensem
1048 2451 1270 2492 Septembrem
1288 2452 1343 2493 (Q.
1364 2453 1419 2483 Fr.
1439 2453 1483 2483 iii.
1506 2462 1531 2482 1.
1554 2462 1604 2491 20,

281 2495 338 2534 25)
357 2495 466 2525 nullas
483 2499 639 2534 acceperat
