1773 2651
174 197 267 233 VII.
291 196 336 232 iii
668 195 722 231 M.
756 195 922 231 TVLLI
956 194 1262 232 CICERONIS

301 313 432 344 tamen
464 305 698 356 Pompeium
729 304 936 354 separatim
964 305 1015 342 ad
1036 304 1289 342 concordiam
1313 305 1508 343 hortabor.
1568 306 1632 344 Sic

299 371 404 409 enim
440 370 580 417 sentio,
616 370 788 408 maximo
820 369 859 406 in
892 369 1067 418 periculo
1098 382 1178 407 rem
1211 383 1307 408 esse.
1366 372 1450 408 Vos
1485 370 1632 409 scilicet

299 438 410 486 plura
443 435 510 485 qui
545 435 583 472 in
605 435 701 473 urbe
733 434 835 474 estis.
895 436 1043 473 Verum
1076 442 1208 473 tamen
1241 436 1338 473 haec
1377 434 1504 482 video,
1541 449 1631 473 curn

299 500 461 538 homine
490 499 753 538 audacissimo
784 499 1109 549 paratissimoque
1141 499 1344 550 negotium
1372 513 1466 546 esse,
1503 500 1632 538 omnis

299 567 517 611 damnatos,
560 564 688 603 omnis
729 564 943 614 ignominia
977 566 1164 611 adfectos,
1207 565 1337 604 omnis
1377 565 1631 604 damnatione

298 630 592 680 ignominiaque
623 629 763 680 dignos
793 629 880 668 illac
910 631 1046 676 facere,
1074 643 1234 668 omnem
1265 631 1344 669 fere
1372 629 1628 677 iuventutem,

297 709 456 734 omnem
478 695 583 732 illam
605 695 795 733 urbanam
815 707 861 732 ac
882 694 1074 744 perditam
1092 695 1259 745 plebem,
1276 694 1455 733 tribunos
1468 695 1631 733 valentis

296 760 434 799 addito
464 761 507 799 C.
542 759 691 806 Cassio,
723 759 852 797 omnis
882 759 949 809 qui
978 773 1066 798 aere
1095 759 1225 798 alieno
1256 767 1493 810 premantur,
1531 773 1630 810 quos

299 826 417 876 pluris
439 839 523 865 esse
545 825 728 875 intellego
749 838 868 875 quarn
889 832 1067 875 putaram
1086 824 1261 875 (causam
1279 826 1406 863 solum
1428 825 1493 864 illa
1513 839 1631 865 causa

299 905 379 929 non
400 891 529 937 habet,
554 891 691 929 ceteris
722 891 837 928 rebus
867 890 1060 941 abundat)
1078 905 1087 937 ;
1116 890 1179 929 hic
1200 890 1333 928 onmia
1354 892 1480 929 facere
1501 891 1630 929 omnis

298 970 347 995 ne
375 956 492 994 armis
521 958 763 1002 decernatur,
797 969 964 1005 quorum
999 955 1123 994 exitus
1157 969 1312 1006 semper
1345 955 1491 1003 incerti,
1525 970 1630 996 nunc

298 1036 389 1061 vero
409 1022 525 1061 etiam
548 1022 587 1059 in
608 1023 768 1060 alteram
790 1029 939 1071 partem
962 1021 1083 1071 magis
1104 1021 1280 1060 timendi.

354 1088 518 1126 Bibulus
548 1088 598 1126 de
628 1086 828 1138 provincia
858 1086 1037 1133 decessit,
1061 1086 1324 1125 Veientonem
1349 1087 1561 1137 praefecit,
1591 1087 1630 1126 in

298 1154 532 1192 decedendo
553 1152 633 1199 erit,
658 1160 699 1190 ut
719 1151 850 1199 audio,
873 1151 1028 1190 tardior.
1089 1154 1219 1201 Quem
1238 1166 1328 1190 cum
1343 1153 1494 1191 ornavit
1515 1154 1626 1199 Cato,

298 1218 507 1257 declaravit
539 1218 584 1256 iis
616 1231 657 1256 se
689 1216 780 1256 solis
815 1230 896 1255 non
930 1216 1103 1255 invidere
1138 1217 1281 1267 quibus
1313 1217 1409 1256 nihil
1443 1226 1509 1256 aut
1548 1232 1628 1256 non

300 1286 467 1322 multum
488 1284 538 1322 ad
559 1282 789 1332 dignitatem
810 1289 943 1331 posset
963 1283 1160 1321 accedere.

251 1356 279 1394 6
353 1351 472 1387 Nunc
499 1348 615 1387 venio
644 1349 695 1386 ad
725 1347 896 1397 privata;
931 1348 1009 1386 fere
1039 1348 1144 1386 enirn
1176 1348 1361 1398 respondi
1392 1348 1467 1387 tuis
1495 1348 1630 1388 litteris

299 1416 349 1454 de
378 1428 418 1453 re
448 1413 605 1464 publica
626 1420 664 1451 et
694 1412 738 1450 iis
769 1426 865 1462 quas
896 1412 935 1450 in
965 1412 1193 1451 suburbano
1227 1421 1265 1451 et
1295 1413 1340 1451 iis
1370 1427 1466 1463 quas
1494 1422 1631 1464 postea

298 1480 494 1530 scripsisti.
567 1480 632 1517 Ad
677 1478 825 1528 privata
864 1478 989 1517 venio.
1060 1480 1194 1516 Vnum
1233 1478 1351 1517 etiarn
1391 1481 1440 1518 de
1480 1479 1626 1519 Caelio.

298 1548 472 1584 Tantum
493 1546 604 1583 abest
624 1552 666 1582 ut
688 1557 816 1582 meam
838 1543 901 1582 ille
922 1543 1156 1582 sententiam
1179 1552 1334 1583 moveat
1361 1552 1403 1583 ut
1422 1545 1536 1583 valde
1557 1558 1629 1594 ego

299 1611 371 1661 ipsi
393 1611 501 1660 quod
531 1611 580 1648 de
611 1622 679 1647 sua
709 1608 903 1647 sententia
933 1608 1143 1647 decesserit
1174 1609 1457 1659 paenitendum
1480 1617 1626 1660 putem.

299 1677 377 1715 Sed
409 1675 505 1725 quid
537 1681 596 1713 est
627 1674 735 1724 quod
767 1673 801 1712 ei
837 1673 910 1711 vici
946 1673 1090 1712 Luccei
1126 1673 1202 1712 sint
1234 1674 1414 1713 addicti?
1472 1676 1565 1713 Hoc
1593 1682 1630 1712 te

256 1739 603 1792 7praetermisisse
642 1738 769 1777 miror.
845 1740 906 1776 De
947 1738 1161 1777 Philotimo
1193 1739 1332 1777 faciam
1367 1738 1552 1789 equidem
1591 1747 1630 1777 ut

300 1819 448 1844 mones.
507 1806 585 1843 Sed
619 1817 692 1854 ego
726 1803 821 1841 mihi
855 1803 906 1841 ab
939 1803 1004 1842 illo
1038 1804 1114 1842 hoc
1144 1811 1320 1854 ternpore
1350 1817 1429 1842 non
1460 1804 1629 1843 rationes

299 1870 575 1920 exspectabam
597 1883 694 1919 quas
715 1868 785 1907 tibi
807 1868 941 1915 edidit,
965 1882 1100 1906 verum
1131 1868 1171 1907 id
1202 1868 1395 1918 reliquum
1417 1870 1525 1919 quod
1547 1869 1629 1919 ipse

299 1935 337 1973 in
359 1936 586 1973 Tusculano
608 1948 670 1972 me
691 1935 830 1972 referre
854 1933 893 1970 in
911 1933 1239 1972 commentarium
1261 1947 1347 1972 mea
1368 1947 1487 1971 manu
1508 1934 1630 1972 voluit

298 2002 487 2051 quodque
517 1999 621 2038 idem
652 1999 691 2036 in
713 1999 808 2037 Asia
838 1998 933 2036 mihi
963 2012 1032 2037 sua
1054 2012 1171 2036 manu
1193 1998 1379 2048 scriptum
1401 1999 1521 2037 dedit.
1583 2000 1631 2037 Id

299 2066 330 2104 si
370 2073 591 2116 praestaret,
634 2072 826 2114 quantum
867 2064 962 2102 mihi
1001 2064 1099 2102 aeris
1138 2064 1254 2102 alieni
1286 2077 1370 2102 esse
1405 2064 1475 2102 tibi
1506 2064 1631 2103 edidit

300 2138 452 2169 tantum
474 2138 511 2169 et
533 2132 619 2180 plus
641 2130 757 2168 etiam
781 2129 875 2167 mihi
898 2130 980 2179 ipse
1001 2130 1171 2167 deberet.
1232 2130 1309 2167 Sed
1326 2128 1364 2166 in
1380 2130 1455 2167 hoc
1475 2143 1627 2178 genere,

344 2246 364 2274 3
388 2237 472 2266 haec
499 2234 545 2265 C:
579 2235 642 2264 hec
668 2233 741 2265 M¹2
776 2235 839 2264 hoc
873 2233 950 2264 M²z
984 2244 1047 2272 ego
1074 2234 1136 2263 hoc
1166 2232 1352 2272 lwsenbmg
1512 2235 1532 2262 6
1556 2233 1631 2263 illac

304 2279 411 2310 codd:
440 2279 506 2309 illic
533 2278 639 2309 Crat.:
673 2278 765 2308 illinc
792 2277 979 2308 Corradus:
1014 2278 1089 2307 illuc
1114 2277 1232 2307 Iunius
1386 2277 1406 2306 8
1431 2281 1631 2315 premuntur

304 2324 432 2362 Kayser
487 2322 587 2363 quos]
606 2320 776 2352 EO2M'23:
801 2322 888 2360 quod
906 2319 1035 2350 NO¹M¹
1054 2332 1060 2351 z
1084 2331 1151 2359 quo
1176 2320 1210 2349 P
1312 2329 1348 2358 15
1371 2320 1464 2360 prins
1481 2331 1547 2350 non
1562 2331 1627 2350 om.

305 2366 495 2406 Malaspina
630 2375 665 2404 17
691 2366 791 2396 venio
809 2366 850 2395 ad
873 2365 1006 2404 privata
1030 2363 1087 2394 del.
1107 2363 1175 2394 edd.
1190 2363 1351 2403 plerique:
1377 2363 1479 2402 sedcf
1500 2364 1519 2394 i.
1543 2374 1590 2402 19.
1611 2373 1630 2402 5

304 2414 333 2440 ct
344 2409 521 2439 Lehmann
536 2411 543 2425 ‘
559 2408 703 2448 Quaest.’
717 2419 767 2447 72,
782 2418 832 2448 73.
880 2408 967 2438 Fon.
979 2408 1074 2438 verba
1084 2407 1137 2437 Ad
1150 2407 1282 2446 privata
1296 2407 1395 2437 venio
1409 2407 1442 2447 (l.
1458 2408 1511 2446 19}
1524 2410 1631 2437 trans-

302 2453 453 2492 ponenda
471 2456 507 2482 ut
521 2455 535 2488 ξ
551 2463 566 2490 7
581 2452 736 2492 incipiant
823 2462 863 2490 24
888 2452 952 2481 hoc
970 2456 1124 2490 tempore
1139 2451 1223 2481 Crat.
1240 2449 1357 2481 Lamb.
1372 2445 1435 2481 Z'':
1460 2461 1524 2480 om.
1540 2449 1626 2480 codd.

307 2497 347 2526 28
372 2496 431 2526 tibi
452 2496 482 2526 O
499 2495 594 2526 Man.
611 2506 617 2525 :
644 2495 687 2526 ibi
704 2494 825 2525 NPMs
938 2505 980 2534 29
1003 2495 1082 2524 mihi
1100 2495 1172 2534 ipse
1189 2493 1305 2525 NOP:
1331 2494 1403 2533 ipse
1420 2494 1499 2524 mihi
1517 2498 1545 2524 Δ

1656 904 1691 926 ΙΟ

1655 1230 1688 1261 15

1652 1558 1690 1579 20
