1773 2651
117 532 133 562 ‘J'

100 857 138 878 10

102 1595 141 1617 20

564 145 675 181 EPP.
708 144 786 180 AD
817 143 1075 181 ATTICVM
1424 141 1499 177 ΙΙΙ.
1521 139 1596 175 xiv

155 271 241 296 esse
274 255 431 303 habita3
465 254 608 305 quibus
642 254 831 292 absolutis
864 253 999 292 scribis
1032 252 1084 290 illi
1117 251 1310 302 placuisse
1341 251 1401 300 agi
1437 252 1487 288 de

156 322 282 361 nobis.
346 322 385 360 Si
420 320 490 359 tibi
525 321 665 358 stultus
700 333 784 357 esse
818 319 954 357 videor
985 318 1051 367 qui
1088 331 1254 367 sperem,
1284 316 1384 354 facio
1419 324 1487 353 tuo

156 387 273 434 iussn,
290 386 362 425 etsi
382 387 464 424 scio
480 393 517 423 te
539 399 602 423 me
624 384 668 422 iis
690 383 864 433 epistulis
886 382 1016 433 potius
1037 390 1074 420 et
1092 395 1198 420 meas
1220 395 1308 431 spes
1329 380 1487 419 solitum

155 465 240 490 esse
279 450 473 489 remorari.
540 451 658 487 Nunc
693 448 809 486 velim
850 447 945 485 mihi
984 448 1099 497 plane
1137 445 1353 495 perscribas
1393 445 1488 495 quid

155 516 299 554 videas.
365 515 454 553 Scio
476 528 547 552 nos
569 513 709 551 nostris
732 512 863 550 multis
885 511 1055 562 peccatis
1076 511 1115 549 in
1136 512 1238 548 hanc
1259 523 1487 549 aerumnam

156 581 349 619 incidisse.
412 582 469 618 Ea
490 579 521 617 si
542 578 608 628 qui
630 592 742 616 casus
767 577 897 627 aliqua
919 591 963 614 ex
985 585 1093 626 parte
1117 575 1337 623 correxerit,
1359 575 1488 612 minus

156 647 320 683 moleste
342 647 510 683 feremus
532 657 604 681 nos
625 642 764 680 vixisse
785 650 822 680 et
844 643 975 679 adhuc
996 641 1133 679 vivere.

212 713 297 761 Ego
332 718 489 760 propter
520 709 604 747 viae
644 707 910 746 celebritatem
947 715 983 745 et
1018 706 1258 744 cotidianam
1293 713 1529 755 exspecta-2

157 776 306 814 tionem
341 789 468 813 rerum
503 787 692 812 novarum
725 786 805 811 non
841 772 1037 810 commovi
1074 785 1136 809 me
1167 772 1298 809 adhuc
1324 772 1488 808 Thessa-

158 841 296 879 lonica.
356 841 434 878 Sed
456 839 533 877 iam
555 838 796 877 extrudimur
817 851 896 876 non
917 851 939 874 a
962 836 1123 875 Plancio
1145 836 1253 885 (nam
1276 836 1306 874 is
1327 835 1488 886 quidem

157 906 314 955 retinet)
336 918 470 943 verum
494 905 544 942 ab
566 904 652 954 ipso
673 905 762 941 loco
784 902 945 940 minime
970 901 1152 951 apposito
1173 903 1223 940 ad
1245 902 1488 940 tolerandam

157 971 196 1008 in
218 979 327 1009 tanto
348 972 456 1008 luctu
477 969 750 1008 calamitatem.
814 969 861 1005 In
881 967 1044 1017 Epirum
1067 967 1171 1014 ideo,
1185 975 1227 1005 ut
1248 966 1488 1016 scripseram,

157 1050 237 1075 non
266 1035 365 1081 veni,
390 1036 499 1084 quod
524 1034 655 1072 subito
683 1033 779 1070 mihi
807 1032 975 1070 universi
1004 1031 1130 1069 nuntii
1157 1040 1344 1070 venerant
1371 1039 1409 1069 et
1436 1031 1491 1068 lit-

157 1110 261 1140 terae
288 1113 364 1150 qua
394 1114 433 1138 re
458 1099 554 1137 nihil
576 1107 676 1137 esset
698 1111 858 1136 necesse
881 1111 998 1146 quam
1021 1096 1195 1146 proxime
1219 1096 1372 1134 Italiam
1394 1109 1488 1134 esse.

160 1166 282 1212 Hinc,
307 1165 338 1202 si
367 1164 516 1214 aliquid
546 1178 568 1202 a
599 1163 768 1202 comitiis
798 1162 1048 1207 audierimus,
1078 1175 1150 1199 nos
1178 1162 1217 1199 in
1239 1161 1375 1198 Asiam
1403 1174 1492 1199 con-

158 1239 379 1277 vertemus,
416 1243 545 1279 neque
578 1230 709 1266 adhuc
740 1228 868 1266 stabat
895 1240 975 1277 quo
1002 1226 1250 1277 potissimum
1283 1227 1352 1264 sed
1381 1226 1489 1264 scies.

162 1297 263 1333 Data
285 1307 345 1332 X11
368 1294 520 1333 Sextilis
538 1292 855 1331 Thessalonicae.

206 1423 290 1457 XV
418 1425 485 1456 Ser.
513 1425 751 1456 Thessalonicae
765 1425 823 1455 xiv
838 1424 881 1454 K.
903 1424 992 1464 Sept.
1014 1435 1042 1454 a.
1066 1425 1128 1463 696
1148 1423 1235 1464 (58).

580 1501 756 1533 CICERO
780 1501 952 1531 ATTICO
977 1500 1074 1532 SAL.

214 1581 361 1631 Accepi
394 1581 533 1619 Idibus
564 1579 774 1618 Sextilibus
802 1586 986 1628 quattuor
1013 1578 1198 1628 epistulas
1225 1592 1247 1616 a
1274 1586 1311 1617 te
1339 1578 1486 1625 missas,
1509 1591 1523 1617 1

160 1658 279 1682 unam
301 1659 378 1695 qua
405 1659 468 1683 me
495 1644 677 1694 obiurgas
705 1652 742 1681 et
763 1656 874 1692 rogas
896 1651 937 1680 ut
959 1643 1030 1680 sim
1053 1642 1208 1689 firmior,
1231 1645 1391 1681 alteram
1414 1657 1490 1692 qua

162 1709 291 1748 Crassi
313 1710 496 1748 libertum
523 1709 579 1747 ais
607 1708 676 1746 tihi
705 1709 755 1746 de
783 1721 869 1745 mea
897 1707 1161 1745 sollicitudine
1186 1707 1390 1757 macieque
1411 1721 1493 1745 nar-

162 1789 275 1821 rasse,
300 1775 451 1813 tertiam
473 1789 552 1825 qua
572 1776 819 1813 demonstras
839 1780 926 1811 acta
947 1772 985 1809 in
1009 1780 1157 1818 senatu,
1177 1781 1354 1822 quartam
1377 1774 1425 1811 de
1446 1786 1495 1810 eo

163 1841 271 1889 quod
298 1842 510 1878 aVarrone
541 1839 676 1878 scribis
705 1838 774 1877 tibi
803 1852 887 1876 esse
917 1838 1192 1876 confirmatum
1223 1839 1273 1876 de
1294 1840 1494 1876 voluntate

164 1905 339 1954 Pompei.
399 1906 464 1943 Ad
485 1904 649 1955 primam
676 1904 745 1942 tibi
774 1905 850 1941 hoc
877 1902 1017 1949 scribo,
1041 1916 1104 1941 me
1124 1902 1177 1940 ita
1197 1904 1330 1941 dolere
1351 1911 1392 1941 ut
1414 1916 1492 1940 non
1513 1912 1536 1938 2

164 1970 285 2008 modo
312 1983 334 2007 a
359 1978 491 2008 mente
521 1983 601 2007 non
629 1970 784 2007 deserar
812 1969 880 2006 sed
908 1968 949 2006 id
976 1967 1104 2017 ipsum
1133 1969 1301 2015 doleam,
1324 1982 1387 2006 me
1415 1976 1492 2006 tam

164 2035 274 2072 firma
303 2043 435 2073 mente
464 2034 531 2073 ubi
562 2042 646 2072 utar
675 2042 713 2072 et
743 2033 980 2083 quibuscum
1007 2046 1088 2071 non
1116 2033 1270 2071 habere.
1331 2034 1435 2070 Nam
1465 2033 1493 2070 si

163 2108 204 2137 tu
233 2113 295 2137 me
322 2113 402 2138 uno
432 2113 512 2137 non
543 2099 625 2137 sine
656 2112 830 2137 maerore
857 2111 975 2144 careS,
999 2098 1094 2147 quid
1123 2111 1185 2136 me
1213 2111 1349 2136 censes
1371 2097 1436 2147 qui
1458 2106 1495 2135 et

164 2172 202 2202 te
232 2173 269 2202 et
299 2165 514 2203 omnibus?
547 2172 585 2202 et
615 2164 645 2202 si
676 2172 716 2201 tu
747 2162 955 2202 incolumis
986 2176 1048 2200 me
1078 2163 1250 2212 requiris,
1273 2176 1353 2212 quo
1375 2164 1495 2201 modo

209 2278 227 2306 3
253 2269 315 2298 etsi
343 2268 375 2298 F
398 2267 606 2306 AWalaspz'na:
643 2272 677 2297 et
701 2266 739 2296 M
901 2267 921 2296 6
946 2266 1133 2296 correxerit
1160 2265 1304 2297 ἑαυτὰς
1332 2267 1433 2296 >erint
1459 2266 1499 2295 M

170 2321 206 2349 13
231 2312 308 2342 veni
327 2309 371 2341 Zb
396 2322 423 2341 v.
445 2323 466 2342 c.
488 2311 574 2341 HF:
603 2310 621 2340 ii
640 2310 726 2340 EMs
743 2322 748 2340 :
775 2311 818 2340 ivi
837 2309 891 2339 Νπ
982 2309 1148 2349 universi]
1167 2310 1300 2340 adversi
1319 2309 1498 2339 Ascenssus

166 2355 266 2387 Koclz.
287 2356 355 2384 iam
377 2365 396 2384 ct
414 2354 605 2394 Malaspina
629 2354 774 2383 rcieclum
878 2362 915 2390 15
940 2352 984 2392 si]
1007 2353 1068 2382 nisi
1087 2352 1181 2383 lWan.
1282 2363 1319 2382 21
1347 2357 1379 2383 et
1399 2362 1497 2392 rogas

166 2398 248 2429 Ant.
270 2402 315 2429 Σ;
339 2408 403 2428 om.
425 2404 452 2428 Δ
566 2407 607 2436 29
631 2407 696 2436 quo
711 2397 832 2436 Ivulg.
853 2407 859 2428 ε
887 2401 919 2426 ct
937 2407 1004 2435 quo
1021 2396 1109 2426 codd.
1132 2408 1138 2426 :
1163 2406 1268 2435 ecquo
1286 2396 1475 2437 Malaspina
