1773 2651
183 205 302 243 VIII.
325 215 388 241 xv
644 205 700 242 M.
732 204 901 242 TVLLI
933 204 1241 243 CICERONIS

278 314 434 361 bebam,
475 327 549 352 nec
588 314 674 352 illos
713 327 990 363 congressuros
1029 327 1113 361 nec,
1155 314 1186 352 si
1231 315 1426 365 congressi
1466 323 1610 365 essent,

278 379 513 429 Pompeium
552 380 603 418 ad
642 380 762 416 ullam
801 378 1079 416 condicionem
1117 392 1366 418 accessurum
1408 381 1609 430 putabam.

278 444 400 492 Quod
424 443 566 482 videris
594 457 675 482 non
706 442 897 489 dubitare,
917 442 946 480 si
972 445 1153 482 consules
1182 451 1392 493 transeant,
1415 445 1511 495 quid
1536 459 1609 484 nos

277 510 403 547 facere
438 516 627 558 oporteat,
665 516 768 546 certe
800 515 1002 546 transeunt
1035 510 1110 555 vel,
1143 522 1223 558 quo
1254 511 1376 548 modo
1402 523 1508 548 nunc
1537 517 1605 557 est,

277 572 523 611 transierunt.
583 574 662 611 Sed
690 581 891 611 memento
918 581 1069 622 praeter
1096 573 1271 623 Appium
1298 574 1498 613 neminem
1523 588 1608 613 esse
1627 588 1646 621 5

278 639 357 675 fere
378 637 444 686 qui
466 650 547 676 non
567 637 626 675 ius
648 638 791 675 habeat
813 637 1052 676 transeundi.
1113 639 1218 676 Nam
1238 646 1305 676 aut
1332 653 1423 677 cum
1443 639 1609 689 imperio

278 710 369 740 sunt
398 710 439 740 ut
470 702 694 752 Pompeius,
727 710 769 741 ut
799 702 941 752 Scipio,
975 704 1150 751 Sufenas,
1185 704 1369 751 Fannius,
1390 704 1606 752 Voconius,

279 767 440 814 Sestius,
461 767 534 817 ipsi
555 769 738 806 consules
766 767 909 817 quibus
938 781 1046 806 more
1071 767 1263 806 maiorum
1290 783 1523 807 concessum
1551 777 1609 807 est

276 833 337 869 vel
370 832 499 870 omnis
533 832 640 871 adire
676 832 912 882 provinciaS‚
944 840 1011 870 aut
1046 832 1161 882 legati
1195 841 1286 871 sunt
1323 846 1470 872 eorum.
1530 835 1609 873 Sed

276 896 372 934 nihil
411 897 607 944 decerno3
647 896 743 946 quid
782 898 934 946 placeat
972 896 1042 935 tibi
1081 905 1118 936 et
1156 897 1253 948 quid
1290 911 1412 949 prope
1443 899 1607 937 modum

276 968 426 999 rectum
447 961 495 999 sit
515 961 710 1011 intellego.

331 1028 447 1064 Plura
481 1026 702 1073 scriberem,
737 1026 769 1064 si
800 1026 884 1076 ipse
917 1039 1086 1076 possem.
1144 1027 1234 1074 Sed,
1260 1034 1302 1064 ut
1333 1026 1430 1064 mihi
1460 1026 1607 1074 videor,

276 1098 414 1140 potero
452 1090 586 1129 biduo.
647 1090 760 1129 Balbi
800 1090 959 1130 Corneli
997 1091 1211 1130 litterarum
1249 1093 1472 1141 exemplum
1511 1105 1608 1141 quas

276 1160 418 1197 eodem
457 1158 522 1196 die
555 1158 691 1208 accepi
722 1171 802 1208 quo
837 1166 922 1196 tuas
954 1158 1041 1196 misi
1075 1159 1126 1198 ad
1160 1166 1208 1206 te,
1242 1166 1285 1197 ut
1318 1172 1447 1198 meam
1481 1158 1608 1198 vicem

276 1225 441 1271 doleres,
465 1237 556 1262 cum
577 1237 641 1262 me
661 1223 830 1263 derideri
851 1222 1013 1263 videres.

921 1383 970 1420 A.

581 1484 651 1517 Scr.
671 1485 804 1516 Romae
818 1485 885 1516 circ.
905 1485 949 1518 K.
967 1484 1069 1518 Mart.
1087 1497 1117 1518 a.
1140 1496 1197 1527 705
1217 1486 1305 1528 (49).

607 1576 790 1608 BALBVS
816 1576 1044 1608 CICERONI
1073 1578 1164 1610 ΙΜΡ.
1192 1578 1291 1610 SAL.

334 1664 513 1704 Obsecro
542 1671 591 1711 te,
625 1664 776 1713 Cicero,
808 1665 964 1715 suscipe
993 1679 1126 1704 curam
1166 1674 1205 1705 et
1243 1666 1522 1717 cogitationem
1554 1666 1610 1706 di-

277 1729 506 1780 gnissimam
527 1736 617 1768 tuae
641 1730 791 1768 virtutis
818 1737 861 1768 ut
882 1731 1090 1770 Caesarem
1122 1739 1160 1770 et
1182 1732 1416 1781 Pompeium
1445 1731 1609 1782 perfidia

276 1794 485 1833 hominurn
506 1794 713 1833 distractos
733 1808 864 1833 rursus
885 1795 924 1833 in
941 1795 1143 1845 pristinam
1161 1796 1414 1835 concordiam
1431 1797 1605 1835 reducas.

277 1860 406 1898 Crede
428 1859 523 1897 mihi
545 1860 754 1899 Caesarem
782 1873 863 1898 non
890 1861 1018 1898 solum
1043 1862 1124 1898 fore
1151 1860 1191 1898 in
1221 1868 1288 1898 tua
1316 1868 1509 1910 potestate
1538 1862 1608 1899 sed

275 1923 393 1961 etiam
418 1923 633 1962 maximum
662 1924 900 1962 beneficium
929 1932 967 1963 te
993 1924 1068 1962 sibi
1095 1924 1251 1963 dedisse
1275 1924 1549 1972 iudicaturum,
1577 1924 1607 1963 si

274 1989 352 2026 hoc
372 1995 410 2026 te
431 1988 553 2026 reicis.
598 1988 729 2026 Velim
751 1988 856 2027 idem
880 1989 1092 2039 Pompeius
1114 1989 1239 2027 faciat.
1299 1989 1379 2038 Qui
1400 1997 1442 2027 ut
1461 1988 1607 2028 adduci

274 2052 342 2091 tali
362 2060 539 2103 tempore
559 2054 610 2091 ad
631 2055 751 2092 ullam
773 2053 1050 2092 condicionem
1078 2054 1201 2104 possit
1228 2054 1350 2104 magis
1371 2062 1466 2104 opto
1487 2067 1606 2104 quam

273 2130 399 2168 spero.
459 2119 537 2156 Sed
557 2131 648 2156 cum
670 2117 885 2156 constiterit
906 2126 944 2156 et
964 2118 1100 2157 timere
1120 2118 1287 2165 desierit,
1310 2126 1394 2156 tum
1423 2118 1608 2168 incipiam

275 2195 356 2219 non
403 2183 610 2232 desperare
657 2189 765 2220 tuam
812 2182 1085 2221 auctoritatem
1123 2182 1335 2233 plurimum
1372 2184 1479 2233 apud
1517 2196 1608 2222 eum

276 2246 493 2284 valituram.

332 2312 454 2360 Quod
484 2312 699 2349 Lentulum
729 2313 933 2350 consulem
964 2324 1097 2350 meum
1118 2311 1275 2350 voluisti
1304 2311 1368 2350 hic
1394 2324 1604 2358 remanere,

323 2425 339 2454 7
364 2414 555 2455 Voconius]
573 2414 749 2454 Coponius
774 2414 803 2444 L
824 2415 965 2455 (marg.)
1223 2425 1264 2451 24
1288 2414 1364 2453 hoc,
1382 2415 1420 2455 qs.
1439 2413 1486 2445 ad
1502 2423 1539 2444 12
1553 2423 1571 2445 c
1587 2423 1608 2443 2

278 2468 320 2497 29
345 2458 519 2488 consulem
535 2457 594 2489 del.
616 2457 738 2489 Weiske
824 2458 952 2499 meum]
972 2468 1101 2489 mecum
1118 2457 1196 2488 coni.
1219 2457 1340 2497 Tyrrell

1631 911 1670 934 10

1630 1236 1668 1269 15

1630 1747 1669 1770 20

1628 2068 1667 2101 25
