1773 2651
180 182 337 220 III.xv
638 183 692 219 M.
726 183 893 219 TVLLI
927 182 1234 220 CICERONIS

274 294 460 343 rogando,
491 294 599 343 quod
635 292 707 330 nisi
744 292 976 331 nominatim
1010 306 1166 330 mecum
1195 291 1255 341 agi
1286 300 1471 341 coeptum
1501 300 1602 330 esset

272 358 352 397 fieri
380 358 643 408 perniciosum
672 357 752 395 fuit.
818 358 896 395 Sed
923 371 1042 407 pergo
1075 357 1280 407 praeterita
1309 370 1443 394 verum
1470 365 1601 394 tamen

274 425 326 463 ob
360 426 461 462 hanc
497 438 655 462 causam
696 432 746 469 ut,
780 423 811 461 si
846 423 941 473 quid
975 432 1119 473 agetur,
1152 425 1277 472 legem
1313 422 1419 460 illam
1453 422 1493 460 in
1524 436 1602 472 qua

223 493 250 529 6
274 490 475 540 popularia
506 491 628 527 multa
655 497 745 527 sunt
772 502 822 527 ne
850 488 1025 539 tangatis.
1086 490 1233 527 Verum
1265 495 1322 526 est
1350 489 1511 526 stultum
1540 501 1602 525 me

273 555 495 605 praecipere
516 554 611 604 quid
632 554 754 603 agatis
775 562 840 591 aut
861 567 940 603 quo
962 555 1093 591 modo.
1145 553 1304 590 Vtinam
1327 554 1448 591 modo
1469 560 1603 603 agatur
1623 565 1641 598 5

272 619 443 669 aliquid!
485 621 532 657 In
560 633 639 668 quo
670 619 755 668 ipso
786 620 908 656 multa
937 620 1136 656 occultant
1167 626 1255 656 tuae
1288 617 1447 664 litterae,
1470 619 1599 663 credo,

273 698 322 723 ne
348 683 620 722 vehementius
648 683 921 733 desperatione
949 683 1159 732 perturber.
1222 682 1330 731 Quid
1360 682 1465 720 enirn
1493 681 1602 720 vides

272 748 331 798 agi
349 762 464 798 posse
485 756 550 785 aut
572 761 652 796 quo
673 749 823 785 modo?
853 761 920 797 per
941 749 1205 785 senatumne?
1244 749 1297 784 At
1314 755 1396 785 tute
1416 746 1602 796 scripsisti

270 815 320 852 ad
349 827 411 852 me
433 814 637 863 quoddam
659 821 775 862 caput
798 812 891 861 legis
914 812 1099 850 Clodium
1122 812 1161 849 in
1178 812 1307 850 curiae
1328 820 1440 861 poste
1461 811 1598 857 fixisse,

273 881 339 916 NE
364 891 546 916 REFERRI
577 890 687 915 NEVE
713 889 797 915 D1c1
828 889 1014 914 LICERET.
1077 878 1168 925 Quo
1190 878 1312 915 modo
1333 876 1446 926 igitur
1469 876 1602 915 Domi·
1625 891 1664 913 10

272 944 347 982 tius
369 957 409 982 se
430 943 525 982 dixit
547 943 788 980 relaturum?
817 954 896 991 quo
918 942 1038 979 modo
1065 950 1197 979 autem
1219 941 1264 979 iis
1285 954 1384 991 quos
1404 949 1445 978 tu
1467 941 1602 979 scribis

273 1018 310 1047 et
339 1011 389 1048 de
420 1023 459 1047 re
489 1007 712 1047 dicentibus
745 1015 782 1045 et
812 1015 853 1045 ut
884 1008 1086 1045 referretur
1116 1006 1406 1056 postulantibus
1437 1006 1602 1045 Clodius

272 1074 424 1112 tacuit?
480 1076 540 1111 Ac
579 1073 609 1111 si
649 1087 716 1123 per
755 1074 957 1122 populum,
989 1071 1183 1122 poteritne
1222 1071 1296 1109 nisi
1334 1073 1384 1110 de
1423 1071 1601 1110 omnium

272 1140 516 1178 tribunorum
542 1140 591 1189 pl.
616 1138 838 1177 sententia?
887 1137 994 1187 Quid
1016 1139 1066 1176 de
1086 1136 1231 1176 bonis?
1261 1136 1356 1187 quid
1378 1138 1428 1176 de
1448 1138 1603 1176 domo?

272 1204 465 1255 poteritne
500 1203 679 1242 restitui?
716 1210 783 1241 aut
817 1203 847 1241 si
882 1216 962 1241 non
998 1201 1149 1252 poterit,
1180 1209 1335 1252 egomet
1365 1215 1445 1252 quo
1480 1204 1601 1241 modo
1625 1214 1661 1247 15

271 1272 438 1321 potero?
483 1272 596 1308 Haec
617 1268 690 1306 nisi
707 1268 817 1307 vides
838 1268 1020 1318 expediri,
1039 1282 1157 1318 quarn
1179 1267 1218 1305 in
1240 1281 1350 1317 spem
1372 1281 1435 1306 me
1456 1271 1602 1306 vocas?

272 1335 330 1373 sin
347 1343 478 1373 autem
500 1334 582 1384 spei
604 1334 700 1371 nihil
718 1342 786 1379 est,
802 1347 903 1383 quae
924 1341 981 1371 est
999 1333 1093 1370 mihi
1110 1332 1217 1370 vita?
1257 1334 1396 1382 Itaque
1417 1342 1602 1383 exspecto

271 1399 577 1438 Thessalonicae
604 1407 691 1437 acta
714 1399 801 1436 Kal.
825 1399 939 1443 Sext,
964 1412 1010 1436 ex
1037 1397 1180 1447 quibus
1208 1404 1375 1435 statuam
1401 1397 1440 1435 in
1462 1406 1602 1437 tuosne

270 1478 382 1514 agros
410 1463 645 1514 confugiam,
670 1470 711 1500 ut
739 1475 868 1512 neque
895 1461 1049 1500 videam
1078 1461 1258 1500 homines
1287 1475 1386 1512 quos
1414 1463 1537 1501 nolim
1565 1471 1602 1501 et

272 1538 319 1576 te,
344 1537 385 1567 ut
413 1529 560 1575 scribis,
585 1529 739 1567 videam
770 1535 807 1565 et
835 1527 994 1577 propius
1024 1528 1096 1565 sim
1127 1526 1159 1565 si
1188 1527 1284 1577 quid
1314 1535 1458 1578 agatur,
1483 1528 1602 1578 idque
1624 1541 1661 1562 20

272 1594 443 1633 intellexi
482 1608 572 1632 cum
613 1593 682 1631 tibi
722 1601 805 1631 111111
846 1592 997 1642 Quinto
1035 1592 1138 1630 fratri
1178 1594 1340 1642 placere,
1377 1607 1427 1631 an
1461 1594 1602 1632 abeam

274 1659 471 1708 Cyzicum.

230 1732 253 1772 7
329 1725 459 1770 Nunc,
479 1724 685 1774 Pomponi,
710 1724 897 1773 quoniam
920 1723 1016 1762 nihil
1038 1724 1241 1775 impertisti
1263 1733 1351 1764 tuae
1371 1726 1603 1776 prudentiae

273 1790 324 1827 ad
358 1791 523 1827 salutem
556 1803 695 1835 meam,
719 1790 828 1838 quod
857 1797 924 1826 aut
954 1789 993 1826 in
1024 1804 1086 1828 me
1117 1791 1202 1841 ipso
1231 1792 1322 1830 satis
1353 1805 1437 1830 esse
1465 1790 1603 1829 consili

273 1855 451 1892 decreras
486 1862 552 1892 aut
587 1862 623 1892 te
658 1854 752 1891 nihil
788 1856 874 1904 plus
911 1855 1005 1893 mihi
1042 1858 1186 1895 debere
1221 1871 1338 1907 quam
1374 1865 1415 1894 ut
1448 1864 1602 1906 praesto
1623 1867 1661 1898 ²5

273 1933 387 1965 esses,
430 1919 698 1969 quoniamque
742 1934 814 1970 ego
856 1922 1042 1971 proditus.
1086 1922 1279 1967 inductus,
1321 1922 1523 1960 coniectus
1562 1921 1602 1958 in

274 1985 450 2022 fraudem
482 1984 616 2022 omnia
647 1998 735 2023 mea
769 1986 962 2035 praesidia
994 1987 1155 2037 neglexi,
1186 1995 1308 2025 totam
1341 1987 1494 2025 Italiam
1524 1985 1600 2024 iam

274 2056 442 2087 erectam
471 2050 523 2087 ad
554 2063 615 2087 me
641 2051 938 2089 defendendum
965 2051 1123 2090 destitui
1153 2059 1190 2089 et
1215 2051 1362 2101 reliqui,
1391 2065 1463 2095 me,
1494 2064 1601 2089 meos

274 2113 370 2152 meis
400 2113 541 2152 tradidi
572 2114 740 2153 inimicis
771 2115 1015 2165 inspectante
1045 2124 1082 2154 et
1111 2124 1265 2155 tacente
1292 2124 1329 2154 te
1356 2116 1433 2165 qui,
1460 2116 1491 2153 si
1521 2129 1601 2154 non

316 2227 335 2256 3
360 2224 478 2257 agetur
498 2220 614 2251 [amb.
635 2232 641 2250 ε
667 2225 826 2259 ageretur
844 2220 932 2251 codd.
1091 2224 1111 2251 6
1138 2221 1175 2251 In
1198 2232 1265 2259 quo
1288 2221 1362 2260 ipso
1386 2216 1451 2251 Zl':
1479 2222 1511 2251 in
1536 2232 1602 2260 quo

274 2262 347 2300 ipsa
364 2262 447 2293 Ant.
466 2263 580 2293 FNO:
606 2274 674 2302 quo
694 2265 766 2303 ipsa
788 2264 830 2294 M
847 2263 905 2293 secl
920 2274 1052 2294 erasum
1196 2265 1216 2293 8
1239 2264 1284 2294 At
1301 2275 1317 2294 s
1332 2263 1469 2296 Mz‘iller:
1496 2270 1546 2295 ast
1564 2263 1605 2293 M

275 2305 322 2334 (in
341 2307 474 2336 rasnrn‘l
492 2306 549 2336 scd
563 2307 599 2345 tf
623 2307 670 2336 ad
684 2308 706 2337 i.
729 2309 776 2338 16.
799 2317 835 2345 17
852 2318 858 2336 :
883 2317 919 2337 as
939 2307 1018 2337 OP:
1044 2313 1101 2338 aut
1118 2307 1154 2337 N
1247 2318 1268 2346 9
1290 2309 1461 2346 quondam
1471 2308 1605 2338 Ernesti

274 2358 315 2378 20
340 2349 454 2388 idque*
475 2350 507 2380 id
518 2351 607 2389 quod
626 2351 725 2380 Klots
861 2360 901 2389 27
928 2350 992 2380 iam
1008 2350 1126 2380 Orelli:
1152 2352 1185 2381 in
1198 2361 1250 2380 me
1261 2350 1347 2382 codd.
1367 2363 1373 2381 :
1399 2352 1481 2382 mire
1501 2352 1576 2381 Ollo
1593 2363 1600 2381 :

273 2391 338 2422 secl.
362 2392 493 2423 Ernesti
623 2395 665 2423 28
689 2405 741 2424 me
768 2404 861 2424 meos
886 2394 970 2424 meis
997 2394 1139 2425 Rosius:
1171 2405 1224 2425 me
1250 2404 1344 2425 meos
1369 2394 1521 2425 ENOP:
1546 2405 1598 2424 me

275 2436 360 2465 meis
384 2435 460 2466 ΜΗ
491 2448 542 2466 me
569 2448 730 2476 meosque
748 2437 824 2467 Hs:
853 2447 905 2467 me
931 2448 1024 2468 meos
1050 2448 1102 2468 me
1126 2449 1154 2469 v.
1171 2448 1219 2469 c.:
1253 2448 1306 2468 me
1332 2448 1491 2477 meosque
1513 2439 1600 2468 meis

274 2478 314 2508 M
331 2480 473 2519 (marg.)
493 2480 697 2520 ll'esenbetg:
723 2491 787 2519 me,
808 2491 911 2520 meos,
934 2491 1007 2511 mea
1026 2481 1200 2512 Lelmmmz
1218 2481 1283 2512 coll.
1305 2481 1400 2512 Fam.
1422 2483 1465 2512 vi.
1483 2491 1512 2519 3.
1532 2492 1552 2519 4
