1732 2661
139 177 191 213 II.
212 176 288 212 xix
604 177 658 213 M.
692 176 859 212 TVLLI
892 175 1198 213 CICERONIS

196 659 214 686 1

188 1177 213 1204 2

187 1566 212 1603 3

183 2087 209 2123 4

236 286 377 324 Edicta
408 285 540 324 Bibuli
571 286 691 324 audio
721 287 770 323 ad
802 293 839 323 te
872 285 998 323 missa.
1061 285 1114 322 Iis
1143 286 1253 323 ardet
1283 286 1418 323 dolore
1444 292 1483 323 et
1511 284 1566 323 ira

235 359 366 389 noster
388 351 611 401 Pompeius.

277 468 362 503 XX
580 470 647 501 Ser.
671 471 799 501 Romae
816 481 860 501 m.
885 469 995 509 Quint.
1015 481 1043 501 a.
1065 471 1123 509 695
1141 470 1223 511 (59).

652 559 828 589 CICERO
853 558 1026 589 ATTICO
1053 558 1149 590 SAL.

288 647 469 693 Anicato‚
493 654 534 684 ut
560 654 597 684 te
623 648 721 684 velle
752 646 1028 693 intellexeram,
1053 648 1161 685 nullo
1188 648 1276 685 loco
1307 645 1424 685 defui.
1485 647 1565 684 Nu-
1586 657 1602 687 5

234 713 417 751 mestium
447 726 493 750 ex
524 711 660 750 litteris
690 711 765 749 tuis
796 711 972 749 studiose
999 711 1150 761 scriptis
1175 711 1342 750 libenter
1368 711 1408 749 in
1435 711 1565 749 amici-

232 778 327 815 tiam
341 776 480 826 recepi.
524 775 742 815 Caecilium
757 776 900 826 quibus
917 777 1032 814 rebus
1047 790 1207 826 possum
1222 784 1333 814 tueor
1346 775 1560 826 diligenter.

232 844 357 880 Varro
374 842 465 879 satis
488 841 578 879 facit
596 841 721 878 nobis.
784 840 996 891 Pompeius
1013 849 1118 879 amat
1135 855 1206 879 nos
1223 855 1413 891 carosque
1431 842 1559 879 habet.

234 911 243 927 ‘
261 907 455 945 Credis?⁷
485 906 650 955 inquies.
722 907 879 949 Credo;
908 919 1064 955 prorsus
1096 906 1190 943 mihi
1220 907 1455 956 persuadet3
1494 906 1563 943 sed

233 972 327 1021 quia
346 973 461 1021 volgo
482 971 710 1021 pragmatici
733 971 914 1009 homines
932 971 1116 1009 omnibus
1134 971 1313 1017 historiis,
1333 970 1561 1020 praeceptis,
1586 984 1625 1006 10

232 1037 407 1075 versibus
435 1036 608 1085 denique
639 1050 774 1074 cavere
806 1036 942 1074 iubent
977 1044 1015 1074 et
1046 1043 1177 1073 vetant
1203 1037 1372 1082 credere,
1398 1037 1563 1073 alterum

232 1102 334 1139 facio
356 1110 396 1140 ut
417 1115 589 1148 caveam,
612 1103 777 1139 alterum
800 1109 840 1138 ut
863 1115 943 1139 non
965 1102 1122 1138 credam
1141 1102 1266 1138 facere
1287 1114 1367 1138 non
1389 1114 1560 1150 possum.

233 1166 399 1205 Clodius
425 1168 557 1204 adhuc
585 1166 680 1203 mihi
706 1165 911 1204 denuntiat
933 1165 1160 1215 periculum.
1222 1164 1434 1214 Pompeius
1454 1166 1565 1202 adfir-

233 1239 312 1269 mat
334 1245 414 1269 non
435 1245 520 1269 esse
548 1231 776 1281 periculum,
800 1231 952 1268 adiurat
970 1245 977 1276 3
1006 1230 1117 1268 addit
1138 1230 1256 1268 etiam
1279 1244 1319 1268 se
1340 1230 1445 1279 prius
1466 1230 1565 1268 occi-

233 1310 318 1333 sum
342 1296 384 1334 iri
405 1297 455 1333 ab
477 1310 524 1334 eo
546 1310 664 1345 quam
688 1309 750 1333 me
771 1295 958 1334 violatum
981 1295 1034 1332 iri.
1094 1297 1299 1332 Tractatur
1319 1308 1388 1332 res.
1440 1294 1563 1332 Simul
1588 1309 1623 1339 15

232 1369 269 1399 et
290 1361 385 1411 quid
407 1361 477 1399 erit
498 1361 602 1407 certi,
623 1360 789 1399 scribam
811 1361 861 1398 acl
883 1369 930 1398 te.
993 1360 1031 1398 Si
1054 1360 1123 1398 erit
1145 1361 1412 1409 pugnandum,
1443 1373 1563 1397 arces-

231 1440 313 1464 sam
339 1427 389 1464 ad
416 1426 645 1464 societatem
676 1425 843 1467 laboris:
878 1425 909 1463 si
937 1424 1047 1474 quies
1078 1425 1244 1471 dabitur,
1273 1425 1324 1462 ab
1354 1426 1564 1462 Amalthea

231 1500 269 1530 te
290 1505 371 1529 non
392 1492 666 1530 commovebo.

288 1558 349 1595 De
379 1571 418 1595 re
435 1558 590 1606 publsca
619 1556 784 1595 breviter
811 1558 861 1595 ad
895 1564 932 1595 te
965 1556 1157 1603 scribam;
1187 1556 1264 1594 iam
1295 1555 1399 1594 enim
1430 1557 1564 1593 charta

232 1621 314 1671 ipsa
345 1636 394 1660 ne
429 1635 500 1659 nos
533 1623 672 1671 prodat
702 1621 947 1671 pertimesco.
1011 1624 1150 1672 Itaque
1180 1623 1355 1672 posthac,
1389 1621 1419 1658 si
1449 1629 1562 1658 erunt
1584 1636 1624 1657 20

232 1686 327 1724 mihi
358 1689 468 1736 plura
499 1688 549 1724 ad
571 1694 608 1724 te
630 1687 847 1733 scribenda,
882 1690 1124 1740 ἀλληγορίαις
1151 1687 1383 1725 obscurabo.
1444 1687 1562 1723 Nunc

231 1751 392 1801 quidem
410 1765 513 1790 novo
535 1753 709 1801 quodam
732 1753 871 1791 morbo
893 1753 1028 1791 civitas
1051 1753 1222 1799 moritur,
1247 1759 1298 1798 ut,
1316 1765 1406 1789 cum
1424 1764 1562 1788 omnes

229 1830 275 1855 ea
309 1830 410 1866 quae
434 1824 524 1854 sunt
551 1825 637 1855 acta
673 1817 907 1867 improbent,
944 1826 1164 1868 querantur,
1196 1819 1366 1863 doleant,
1398 1815 1562 1854 varietas

230 1883 336 1919 nulla
365 1881 404 1919 in
436 1895 475 1919 re
510 1882 571 1929 sit,
601 1890 813 1932 aperteque
844 1885 1055 1933 loquantur
1085 1891 1122 1921 et
1152 1882 1228 1920 iam
1260 1883 1360 1920 clare
1389 1888 1558 1931 gemant,

230 1955 362 1984 tamen
393 1947 589 1985 medicina
617 1950 723 1985 nulla
749 1950 954 1987 adferatur.
1015 1950 1157 1998 Neque
1188 1947 1292 1986 enim
1323 1945 1446 1984 resisti
1477 1945 1560 1983 sine
1582 1959 1621 1991 25

230 2011 498 2050 internecione
519 2026 635 2062 posse
656 2013 888 2052 arbitramur
905 2027 977 2052 nec
994 2013 1173 2052 videmus
1195 2012 1261 2062 qui
1284 2012 1370 2049 finis
1392 2010 1559 2049 cedendi

230 2084 381 2126 praeter
402 2076 561 2114 exitium
585 2079 736 2116 futurus
767 2078 825 2116 sit.
888 2078 1052 2117 Bibulus
1074 2077 1280 2116 hominum
1300 2075 1560 2114 admiratione

228 2149 266 2179 et
297 2142 574 2181 benevolentia
601 2143 639 2180 in
669 2145 779 2182 caelo
807 2151 889 2191 est3
919 2143 1049 2182 edicta
1078 2143 1161 2182 eius
1191 2150 1228 2181 et
1258 2142 1464 2180 contiones
1496 2141 1560 2178 de-

228 2207 403 2245 scribunt
443 2216 480 2246 et
520 2210 662 2257 legunt.
724 2210 841 2246 Novo
884 2210 1058 2258 quodam
1103 2222 1244 2258 genere
1284 2207 1323 2244 in
1363 2219 1556 2244 summam

273 2321 290 2348 7
316 2320 453 2350 possum
472 2311 512 2340 I:
537 2321 654 2350 parum
674 2310 725 2340 M¹
742 2323 748 2342 z
775 2321 836 2350 par
853 2317 903 2342 est
923 2311 976 2340 M‘2
1113 2321 1150 2341 10
1174 2310 1272 2349 volgo
1290 2309 1462 2339 Bz'iclzcler:
1480 2308 1557 2338 volo

231 2352 290 2383 M:
318 2359 352 2383 ut
369 2353 467 2384 video
486 2354 584 2384 Rom.
606 2365 611 2383 :
639 2365 656 2384 a
675 2355 751 2385 dolo
769 2355 846 2384 τουτ’.
871 2354 974 2384 Orelli
1107 2364 1143 2392 15
1170 2353 1277 2384 Simul
1307 2358 1339 2383 ct
1361 2353 1441 2391 quid
1465 2351 1553 2382 codd.

228 2396 315 2436 vulg.
338 2397 372 2436 ff.
395 2397 470 2428 adn.
489 2397 537 2427 ad
551 2408 580 2428 x,
600 2408 629 2436 4.
656 2408 693 2428 12
712 2410 719 2428 t
744 2397 843 2427 simul
867 2397 992 2437 aliquid
1012 2397 1134 2428 Miiller
1267 2407 1305 2435 19
1331 2396 1462 2435 publica
1478 2394 1552 2425 add.

229 2441 314 2479 vulg.
