1773 2651
155 134 202 171 V.

228 135 273 170 xi
623 137 678 174 M.
711 137 880 173 TVLLI
913 136 1221 175 CICERONIS

252 259 374 284 meae.
426 247 548 295 Quod
576 255 763 297 superest,
787 247 818 285 si
840 261 974 286 verum
995 248 1092 286 illud
1122 256 1180 287 est
1201 249 1371 299 οἵαπερὴ
1398 248 1583 295 δέσποινα,

252 318 357 349 66116
377 313 677 361 permanebunt.
738 312 848 350 Nihil
876 313 981 352 enim
1002 327 1026 351 a
1047 327 1109 352 me
1136 313 1219 352 fieri
1245 314 1298 352 ita
1324 313 1515 352 videbunt
1542 322 1585 351 ut

252 375 326 414 sibi
366 376 414 414 sit
452 377 711 427 delinquendi
746 379 866 416 locus.
926 378 995 416 Sin
1033 378 1075 417 id
1113 392 1250 428 parum
1285 378 1483 428 profuerit,
1519 379 1586 416 fiet

251 441 401 491 aliquid
421 456 443 480 a
464 442 580 481 nobis
601 443 782 482 severius.
835 445 939 481 Nam
959 444 1091 482 adhuc
1112 444 1272 482 lenitate
1293 445 1429 483 dulces
1450 457 1585 482 sumus

252 513 302 553 et,
338 515 380 544 ut
414 521 538 557 spero,
576 508 804 558 proficimus
843 508 1100 558 aliquantum.
1160 511 1239 548 Sed
1278 523 1351 559 ego
1389 510 1502 555 hanc,
1544 516 1586 546 ut

253 571 372 609 Siculi
412 572 559 619 dicunt,
603 575 748 620 ἀνεξίαν
785 574 825 611 111
869 587 993 612 111111111
1038 588 1188 612 3111111111
1234 574 1445 612 meditatus
1485 587 1583 611 sum.

254 636 425 675 Proinde
445 651 577 688 pugna
597 652 657 686 ne,
682 639 713 677 si
735 639 830 689 quid
852 647 1105 689 prorogatum
1127 640 1186 687 sit,
1209 639 1331 689 turpis
1353 638 1538 677 inveniar.

204 705 232 743 6
307 703 425 740 Nunc
452 704 571 742 redeo
592 705 643 742 ad
671 718 772 754 quae
794 704 891 742 mihi
919 706 1094 743 mandas.
1155 705 1219 744 †in
1240 703 1446 754 praefectis
1474 717 1585 742 excu-

252 767 350 806 satio
372 767 452 814 iis†‚
477 781 576 818 quos
598 770 706 808 voles
727 770 889 807 deferto.
951 771 1044 808 Non
1066 783 1132 807 ero
1160 777 1239 808 tam
1265 771 1445 820 μετέωρος
1464 782 1583 818 quarn

251 832 290 870 in
330 833 528 883 Appuleio
567 834 631 872 fui.
697 836 908 873 Xenonem
948 842 1028 872 tam
1067 834 1188 884 diligo
1227 848 1345 884 quam
1386 843 1439 881 tu,
1476 834 1584 884 quod

250 897 379 947 ipsum
419 898 562 937 sentire
602 907 709 938 certo
749 899 841 938 scio.
919 901 1041 949 Apud
1082 901 1292 938 Patronem
1338 908 1375 938 et
1414 899 1585 949 reliquos

251 962 418 1001 barones
450 970 488 1001 te
523 962 562 1001 in
593 963 763 1002 maxima
791 963 913 1014 gratia
946 964 1061 1014 posui
1092 972 1130 1002 et
1160 966 1318 1003 hercule
1349 964 1488 1003 merito
1517 972 1586 1002 tuo

250 1027 336 1065 feci.
396 1029 501 1066 Nam
536 1028 632 1066 mihi
669 1030 768 1067 Ister
802 1028 899 1067 dixit
933 1037 971 1067 te
1003 1029 1203 1079 scripsisse
1234 1031 1285 1069 ad
1324 1043 1365 1068 se
1405 1029 1500 1067 mihi
1539 1044 1586 1068 ex

250 1091 352 1130 illius
374 1092 509 1130 litteris
531 1107 611 1131 rem
632 1093 739 1132 illam
765 1107 880 1132 curae
901 1094 1030 1141 fuisse,
1054 1096 1164 1144 quod
1185 1095 1220 1134 ei
1248 1103 1469 1146 pergratum
1491 1102 1582 1132 erat.

251 1159 329 1196 Sed
350 1172 440 1196 cum
464 1161 580 1197 Patro
602 1173 758 1198 mecum
780 1159 921 1210 egisset
942 1168 983 1198 ut
1004 1168 1178 1210 peterem
1198 1175 1221 1199 a
1236 1169 1365 1199 vestro
1386 1160 1584 1210 Ariopago

249 1225 587 1274 ὑπομνηματισμὸν
615 1226 796 1263 1011616111
831 1239 949 1274 quem
984 1227 1244 1275 Polycharmo
1279 1234 1456 1276 praetore
1488 1227 1586 1263 fece-

250 1297 345 1336 rant,
373 1289 624 1328 commodius
654 1290 781 1328 visum
809 1298 867 1329 est
894 1298 933 1328 et
960 1292 1117 1329 Xenoni
1140 1299 1178 1330 et
1206 1299 1295 1341 post
1324 1291 1397 1342 ipsi
1426 1289 1585 1328 Patroni

251 1369 314 1393 me
342 1356 393 1393 ad
425 1355 663 1393 Memmium
694 1355 873 1402 scribere,
904 1356 971 1406 qui
1001 1356 1126 1406 pridie
1157 1370 1276 1407 quam
1307 1370 1379 1406 ego
1408 1357 1584 1394 Athenas

250 1420 338 1458 veni
362 1420 573 1470 Mytilenas
604 1422 801 1471 profectus
823 1429 913 1467 erat,
938 1429 980 1459 ut
1008 1421 1038 1459 is
1059 1423 1110 1460 ad
1138 1435 1230 1460 suos
1255 1421 1440 1460 scriberet
1467 1434 1583 1471 posse

250 1484 290 1523 id
311 1498 381 1523 sua
400 1487 602 1524 voluntate
627 1485 719 1524 fieri.
780 1487 874 1524 Non
895 1486 1001 1525 enim
1031 1486 1239 1525 dubitabat
1266 1489 1382 1525 Xeno
1410 1485 1505 1535 quin
1531 1485 1582 1523 ab

250 1550 487 1600 Ariopagitis
509 1550 632 1588 invito
651 1550 847 1589 Memmio
865 1550 1062 1601 impetrari
1080 1565 1161 1589 non
1177 1559 1320 1602 posset.
1366 1550 1583 1589 Memmius

248 1623 381 1654 autem
412 1615 650 1654 aedificandi
685 1615 893 1654 consilium
934 1616 1155 1664 abiecerat;
1202 1618 1272 1655 sed
1304 1624 1384 1655 erat
1425 1615 1583 1653 Patroni

249 1680 378 1718 iratus.
439 1682 579 1730 Itaque
614 1680 749 1731 scripsi
780 1682 831 1719 ad
871 1695 961 1719 eum
994 1690 1201 1730 accurate,·
1248 1681 1358 1720 cuius
1393 1680 1584 1731 epistulae

250 1745 337 1783 misi
357 1747 407 1784 ad
430 1754 467 1784 te
487 1748 723 1796 exemplum.

206 1820 230 1860 7
304 1812 366 1848 Tu
388 1810 504 1848 velim
533 1811 672 1849 Piliam
700 1811 797 1850 meis
821 1812 949 1851 verbis
977 1814 1191 1852 consolere.
1253 1811 1446 1851 Indicabo
1475 1810 1581 1849 enim

249 1874 331 1921 tibi,
366 1882 406 1912 tu
443 1875 495 1913 illi
528 1876 625 1913 nihil
657 1876 810 1915 dixeris.
871 1878 1021 1928 Accepi
1052 1878 1282 1916 fasciculum
1315 1877 1354 1915 in
1391 1890 1470 1926 quo
1501 1883 1582 1914 erat

248 1939 416 1989 epistula
450 1940 581 1978 Piliae.
642 1941 812 1988 Abstuli‚
850 1942 995 1992 aperui,
1036 1943 1122 1993 legi.
1182 1943 1309 1980 Valde
1343 1941 1486 1991 scripta
1524 1948 1582 1978 est

249 2005 461 2054 συμπαθῶς.
523 2006 734 2044 Brundisio
757 2020 857 2056 quae
879 2007 949 2045 tibi
971 2007 1160 2057 epistulae
1182 2007 1358 2046 redditae
1385 2014 1476 2044 sunt
1497 2005 1581 2043 sine

292 2110 313 2138 6
338 2108 442 2139 Siculi
463 2109 669 2139 Gronovius:
696 2109 821 2148 singuli
848 2109 889 2138 M
975 2109 1108 2149 ἀναξίαν
1129 2112 1186 2141 (sc.
1208 2109 1392 2149 βασιλείαν)
1409 2108 1496 2139 Rez'd
1508 2108 1576 2140 coll.

247 2151 363 2183 Aesch,
383 2153 481 2192 Frag.
497 2163 518 2191 9
537 2156 543 2187 vj
559 2168 583 2177 =
595 2154 657 2190 283
675 2153 804 2185 Nauck)
950 2153 971 2182 8
997 2154 1029 2183 in
1048 2154 1232 2192 praesectis
1249 2153 1450 2183 excusandis
1465 2165 1471 2182 ι
1496 2163 1582 2192 quos

248 2195 407 2235 Affadvzg:
444 2197 477 2225 in
512 2196 702 2234 praesectis,
734 2197 768 2225 ni
795 2207 837 2226 ex
867 2206 968 2226 causa
998 2197 1124 2235 negoti,
1155 2197 1182 2226 si
1212 2207 1295 2235 quos
1322 2196 1504 2227 Mmslmll:
1545 2196 1579 2227 in

249 2238 432 2278 praefectis
462 2239 657 2269 excusatio:
694 2240 733 2269 iis
758 2250 843 2278 quos
874 2239 1016 2278 Tyrrdl:
1057 2240 1201 2270 ‘Sensus
1225 2240 1283 2269 hoc
1296 2239 1367 2278 fhre
1393 2240 1524 2279 requirit
1545 2239 1579 2269 in

249 2283 473 2321 praefecturis
499 2283 652 2321 exceptis
680 2283 962 2320 negotiatoribus,
990 2293 1075 2321 quos
1097 2284 1162 2323 (vel
1177 2284 1276 2322 quoti
1291 2282 1298 2294 '
1320 2283 1423 2313 Orelli
1440 2283 1505 2313 coll.
1525 2292 1577 2313 21.

252 2327 407 2365 10:s0›·t.
435 2326 461 2355 si
489 2326 669 2365 praefectis
694 2326 870 2356 excusatio
894 2327 947 2364 sit,
977 2337 1063 2364 quos
1200 2337 1238 2365 13
1265 2326 1353 2356 Ister
1380 2326 1580 2356 Lehmann:

249 2369 299 2398 his
318 2373 370 2399 161·
386 2369 473 2400 codd.
491 2382 497 2400 :
523 2370 550 2399 is
568 2374 620 2399 ter
636 2368 750 2399 Baiter
879 2379 917 2399 21
947 2368 1141 2409 Memmius]
1164 2369 1254 2399 Hinc
1277 2380 1400 2400 novam
1425 2370 1582 2409 incipiunt

247 2418 293 2451 ep.
323 2412 409 2443 codd.
566 2423 606 2451 27
632 2412 766 2443 Abstuli
792 2413 900 2453 vulg:
944 2413 1040 2443 attuli
1069 2412 1110 2442 M
1140 2413 1225 2443 unde
1254 2412 1338 2443 Boot
1367 2413 1408 2443 ad
1436 2412 1578 2442 Tulliam

247 2466 301 2485 con
306 2456 355 2485 icit

1606 846 1646 868 10

1608 1171 1644 1202 15

1604 1501 1643 1522 20
