1732 2661
722 125 1039 163 PRAEFATIO

370 230 573 266 fabricavit.
626 233 700 266 Sed
725 239 849 266 tamen
872 233 1027 266 foitasse
1051 233 1223 267 omnibus
1247 233 1328 267 aliis
1350 244 1393 267 ex
1412 238 1433 266 Σ
1453 234 1540 268 ortis

371 291 559 324 codicibus
579 297 750 334 praestat.

216 349 301 382 N:
321 350 447 383 Codex
473 361 514 383 ex
537 349 697 382 Abbatia
721 348 934 381 Florentina
955 360 1053 382 nunc
1075 348 1110 382 in
1134 349 1358 384 bibliotheca
1378 352 1540 384 Lauren-

368 408 468 440 tiana
502 418 538 440 n.
572 417 616 450 49
651 406 759 440 saecl.
790 405 849 439 xiv
879 406 1045 440 exeuntis
1076 408 1132 440 vel
1168 419 1211 440 xv
1249 408 1418 451 ineuntis,
1451 409 1540 443 satis

369 465 608 509 neglegenter
631 463 799 508 scriptus.
853 463 1024 498 Continet
1051 465 1144 509 Epp.
1166 465 1213 499 ad
1236 467 1338 499 Brut.
1360 466 1381 509 i,
1402 468 1446 510 Q.
1468 468 1540 510 Fr.,

367 529 403 557 et
422 523 496 557 Att.
517 522 625 557 i.-vii.
647 531 701 555 21.
727 531 754 555 1.

215 580 255 613 H
273 594 305 606 =
325 580 449 614 Codex
478 580 693 614 Landianus
721 579 756 612 in
784 578 1009 613 bibliotheca
1038 579 1364 614 Laudi-Passerini
1393 582 1427 614 in
1457 581 1539 614 Pla-

370 638 499 681 centia,
526 645 603 672 tam
630 644 793 682 tempore
821 648 932 681 quam
960 636 1082 670 indole
1106 637 1151 670 N
1171 637 1315 672 adfinis.
1367 637 1540 673 Continet

370 698 462 741 Epp.
483 697 530 730 ad
551 698 651 732 Brut.
672 696 692 739 i,
710 697 754 740 Q.
771 696 844 738 Fr„
865 696 959 737 Oct„
975 696 1048 729 Att.
1066 694 1186 730 i.—viii.
1204 705 1258 729 22.
1276 706 1294 729 2
1316 704 1350 730 et
1369 696 1539 731 Caesaris

367 766 412 798 ep
443 755 490 789 ad
515 754 732 789 Ciceronem
757 753 848 797 (Att.
869 765 900 787 x.
922 753 1004 795 8b).
1057 753 1178 786 Multa
1202 753 1325 787 omisit
1344 754 1441 788 velut
1461 755 1539 789 Att.

367 813 400 846 ii.
430 823 460 856 3.
490 823 520 855 2,
550 823 568 857 3
601 814 884 855 (Feneslrarzmz
913 838 921 845 .
949 836 957 844 .
986 837 993 844 .
1020 813 1059 845 in
1091 811 1183 845 libro
1212 814 1358 855 tertio);
1397 812 1430 846 ii.
1459 813 1490 846 6.
1520 823 1538 845 2

368 870 449 913 (sed
462 871 675 905 mihicrede
701 897 709 904 .
737 897 746 905 .
773 897 780 904 .
805 871 871 904 sed
886 873 928 903 ul
946 869 998 903 ad
1011 868 1102 913 rem)
1122 875 1156 904 et
1179 869 1260 912 alia,
1280 869 1325 903 cf.
1347 870 1538 904 Lehmann

369 929 440 974 (op.
460 932 518 964 cst.
540 941 601 974 pp.
622 930 765 973 30—31).

210 1001 234 1020 π
258 1002 290 1014 =
317 988 439 1022 Codex
461 988 649 1023 Parisinus
669 988 704 1022 in
724 987 948 1022 bibliotheca
968 985 1143 1020 nationali
1166 986 1304 1030 (Nouv.
1326 987 1462 1029 Fonds,
1487 988 1537 1021 16.

367 1048 448 1091 248)
471 1048 578 1082 saecl.
595 1061 639 1081 xv
660 1047 829 1081 ineuntis.
879 1045 1051 1081 Continet
1072 1046 1167 1090 Epp.
1182 1045 1230 1079 ad
1250 1047 1350 1079 Brut.
1367 1045 1387 1088 i,
1406 1047 1448 1090 Q.
1466 1046 1537 1088 Fr,

366 1107 461 1150 Oct.‚
486 1114 520 1140 et
546 1108 619 1140 Att.
646 1107 703 1140 Ab
727 1108 798 1140 Att.
826 1105 870 1140 vi.
904 1114 931 1139 1.
956 1105 975 1138 8
1000 1103 1126 1147 (valde
1144 1104 1313 1149 probari)
1338 1103 1399 1137 ubi
1424 1105 1538 1138 altera

366 1176 497 1199 manus
525 1166 682 1200 scribere
709 1163 829 1209 coepit
858 1174 973 1208 usque
999 1163 1047 1196 ad
1072 1163 1180 1196 finem
1206 1169 1260 1196 est
1286 1173 1425 1196 merum
1450 1174 1538 1207 apo-

364 1225 530 1268 graphon
553 1224 692 1259 codicis
711 1224 780 1257 M:
808 1223 873 1257 sed
893 1221 990 1266 prior
1014 1233 1097 1265 pars
1119 1221 1187 1255 sub
1206 1225 1228 1252 Σ
1251 1221 1421 1265 ponenda
1443 1228 1477 1254 et
1498 1221 1542 1254 H

366 1284 473 1318 valde
500 1290 555 1318 est
583 1282 723 1318 similis.
782 1280 902 1315 Huius
932 1280 1071 1314 codicis
1099 1280 1315 1313 Lehmanno
1343 1279 1455 1323 ignoti
1484 1278 1536 1313 in-

363 1342 486 1376 dolem
521 1343 565 1375 A.
598 1342 637 1375 C.
670 1340 782 1374 Clark
817 1339 852 1373 in
892 1338 1090 1372 ‘Classical
1127 1337 1298 1381 Review‚’
1332 1350 1365 1372 x.
1402 1336 1536 1381 (1896),

365 1412 423 1445 pp.
445 1409 606 1444 321—323
627 1399 785 1433 dilucide
807 1396 1025 1431 informavit.

262 1515 481 1553 Lehmanni
514 1513 740 1552 coniectura
764 1514 814 1551 N
837 1520 875 1550 et
899 1514 954 1550 H
975 1511 1029 1563 (et
1058 1511 1141 1550 sine
1168 1513 1291 1550 dubio
1320 1511 1537 1550 addidisset

205 1599 232 1617 π
259 1580 288 1618 si
316 1581 366 1618 de
393 1594 440 1618 eo
470 1578 697 1630 cognosset)
724 1580 785 1616 vel
817 1591 863 1616 ex
894 1577 1031 1616 codice
1061 1578 1351 1615 Bartholomaei
1383 1578 1536 1626 Caprae

207 1646 431 1683 Pistorieusi
477 1646 527 1683 de
574 1658 654 1694 quo
702 1644 931 1682 Leonardus
979 1642 1182 1680 Arretinus
1227 1643 1278 1680 ad
1299 1641 1535 1680 -Nicolaum

206 1710 359 1748 Niccoli
395 1710 545 1760 scripsit
580 1723 685 1747 anno
726 1709 850 1757 1409¹
889 1710 949 1746 vel
984 1722 1030 1746 ex
1064 1708 1203 1746 codice
1237 1707 1439 1746 simillimo
1472 1708 1537 1745 de-

205 1775 368 1824 scriptos
399 1789 483 1813 esse
514 1775 675 1812 minime
706 1775 928 1824 spernenda
956 1787 1041 1812 esse
1069 1773 1230 1812 videtur.
1293 1773 1349 1810 Hi
1377 1773 1535 1811 codices

204 1841 428 1890 (praecipue
449 1840 515 1891 H)
541 1842 682 1878 multas
705 1839 949 1878 coniecturas
972 1848 1010 1878 et
1032 1839 1352 1889 interpolationes
1374 1838 1532 1875 habent.

207 1960 431 1994 OzCodex
468 1961 705 1997 Taurinensis
743 1963 765 1996 i.
803 1976 835 1997 v.
873 1973 917 2007 34
952 1963 987 1997 in
1021 1962 1243 1997 bibliotheca
1276 1960 1534 1995 Vniversitatis

358 2019 549 2061 Augustae
586 2020 833 2054 Taurinorum
877 2022 983 2055 saecl.
1017 2033 1062 2055 xv
1097 2019 1261 2064 pluribus
1296 2018 1464 2052 manibus
1498 2024 1533 2051 et

358 2084 540 2111 correctus
568 2085 603 2112 et
629 2086 831 2124 corruptus.
884 2079 1058 2114 Continet
1083 2077 1241 2123 Nepotis
1260 2077 1386 2111 Vitam
1409 2075 1532 2118 Attici,

360 2134 547 2170 Ciceronis
573 2139 669 2182 Epp.
692 2138 739 2172 ad
761 2138 860 2172 Brut.
880 2137 900 2179 i,
922 2138 966 2182 Q.
987 2138 1059 2178 Fr„
1080 2137 1175 2178 Oct„
1194 2142 1230 2170 et
1248 2136 1324 2169 Att.

204 2191 235 2225 P
254 2206 286 2218 =
309 2192 434 2226 Codex
468 2194 656 2229 Parisinus
690 2195 724 2229 in
757 2195 982 2230 bibliotheca
1011 2193 1184 2228 nationali
1216 2193 1309 2237 8536
1339 2192 1446 2226 saecl.
1477 2201 1532 2224 xv,

357 2251 531 2287 Continet
553 2253 649 2298 Epp.
670 2254 717 2287 ad
741 2255 784 2298 Q.
805 2255 875 2296 Fr„
895 2254 984 2294 Att.,
1006 2255 1106 2287 Brut.
1125 2252 1146 2296 i,
1168 2253 1249 2287 Oct.
1270 2252 1356 2297 (hoc
1376 2248 1531 2293 ordine).

578 2365 587 2384 ¹
615 2365 665 2395 Cf.
689 2365 872 2405 Lehmann,
893 2371 941 2406 op.
961 2367 1007 2396 ct't.
1028 2377 1061 2406 p.
1086 2375 1153 2404 145.
