1773 2651
570 139 680 175 EPP.
714 139 790 174 Al)
822 139 1080 177 ATTICVM
1439 140 1506 176 IV.
1529 150 1591 176 xv

166 249 379 299 Dionysius
403 251 457 287 M.
484 249 737 299 Pomponius.
798 250 925 287 Valde
948 263 1010 287 me
1034 251 1193 287 hercule
1224 250 1318 287 mihi
1344 257 1496 300 gratum

162 322 221 352 est
252 314 516 363 Eutychidem
547 322 654 351 tuam
685 327 773 363 erga
805 327 866 351 me
897 314 1215 352 benevolentiam
1246 327 1438 364 cognosse
1464 320 1501 351 et

162 392 273 416 suam
299 378 404 416 illam
435 378 474 415 in
503 392 592 416 meo
617 379 752 416 dolore
778 379 1012 427 συμπάθειαν
1041 391 1171 428 neque
1199 386 1282 416 tum
1308 378 1403 416 mihi
1431 378 1497 417 ob-

163 457 315 481 scuram
337 457 465 492 neque
487 450 574 492 post
596 442 786 492 ingratam
808 443 937 481 fuisse.

125 521 141 551 5
218 509 297 545 Iter
317 507 535 545 Asiaticum
558 515 669 545 tuum
691 515 787 557 puto
809 508 879 545 tibi
901 508 1198 558 suscipiendum
1216 509 1360 556 fuisse3
1387 523 1496 546 num-
1515 516 1538 542 2

162 588 281 623 quam
303 573 408 611 enim
430 581 471 611 tu
499 573 582 611 sine
610 573 822 611 iustissima
842 588 961 612 causa
988 582 1067 612 tam
1090 576 1206 625 longe
1226 589 1249 612 a
1270 583 1327 613 tot
1355 574 1430 613 tuis
1458 582 1496 612 et

164 639 392 677 hominibus
412 646 450 677 et
467 640 583 677 rebus
599 639 809 677 carissimis
826 648 863 678 et
879 640 1119 678 suavissimis
1140 642 1277 679 abesse
1294 640 1494 679 voluisses.

163 705 240 742 Sed
262 703 547 741 humanitatem
570 712 676 741 tuam
698 718 955 754 amoremque
976 705 1015 742 in
1037 713 1125 744 tuos
1153 705 1300 744 reditus
1321 704 1497 743 celeritas

162 769 387 807 declarabit.
449 771 526 808 Sed
567 784 702 808 vereor
748 784 796 808 ne
840 772 972 820 lepore
1015 784 1088 809 suo
1131 771 1306 809 detineat
1351 770 1498 809 diutius

105 848 144 870 10
162 842 316 884 praetor
349 834 514 873 Clodius
547 843 584 872 et
624 836 746 872 homo
786 835 1043 884 pereruditus,
1078 844 1121 874 ut
1159 836 1279 882 aiunt,
1315 844 1353 874 et
1392 849 1498 873 nunc

161 900 324 949 quidem
346 900 504 938 deditus
527 900 687 938 Graecis
709 900 845 938 litteris
869 900 1084 938 Pituanius.
1145 903 1223 939 Sed
1245 901 1275 939 si
1297 901 1353 939 vis
1375 902 1497 939 homo

161 979 259 1013 esse,
280 965 409 1016 recipe
437 973 474 1004 te
501 967 551 1003 ad
580 980 651 1003 nos
678 967 729 1004 ad
760 967 868 1016 quod
896 973 1052 1016 tempus
1080 966 1330 1005 confirmasti.
1392 967 1495 1006 Cum

162 1030 235 1068 illis
257 1039 387 1069 tamen
410 1045 500 1069 cum
523 1031 617 1069 salvi
639 1031 817 1070 venerint
839 1033 993 1069 Rornae
1014 1031 1143 1070 vivere
1164 1032 1308 1070 licebit.

216 1097 343 1134 Avere
371 1104 408 1134 te
435 1096 572 1134 scribis
598 1096 776 1146 accipere
800 1096 950 1146 aliquid
971 1110 994 1134 a
1014 1110 1077 1134 me
1104 1096 1329 1135 litterarum.
1391 1096 1495 1135 Dedi
1516 1103 1540 1141 3

105 1176 141 1207 15
162 1175 208 1199 ac
235 1161 367 1199 multis
397 1161 559 1211 quidem
591 1163 641 1200 de
671 1162 787 1200 rebus
817 1162 1068 1214 ἡμερολεγδὸν
1097 1161 1309 1212 perscripta
1339 1162 1498 1210 omnia3

162 1228 232 1265 sed
272 1235 313 1265 ut
352 1227 518 1273 conicio,
552 1227 740 1277 quoniam
776 1227 871 1264 mihi
904 1241 985 1265 non
1019 1227 1162 1265 videris
1194 1227 1233 1264 in
1274 1227 1394 1277 Epiro
1429 1227 1497 1266 diu

162 1293 290 1340 fuisse,
314 1293 487 1332 redditas
509 1293 579 1331 tibi
601 1307 681 1331 non
703 1293 877 1331 arbitror.
938 1295 1074 1331 Genus
1095 1300 1226 1331 autem
1249 1306 1424 1336 mearum
1445 1294 1495 1331 ad

163 1366 199 1396 te
220 1358 381 1408 quidem
413 1359 627 1397 litterarum
658 1359 741 1396 eius
769 1359 879 1397 modi
906 1360 984 1397 fere
1014 1366 1072 1397 est
1100 1366 1141 1396 ut
1166 1372 1246 1396 non
1274 1358 1394 1396 libeat
1419 1358 1495 1396 cui-

162 1437 281 1473 quam
302 1425 395 1463 dare
416 1424 489 1462 nisi
510 1426 560 1463 de
581 1438 661 1474 quo
682 1426 926 1474 exploratum
949 1424 997 1462 sit
1018 1423 1089 1462 tibi
1110 1437 1200 1461 eum
1223 1424 1477 1462 redditurum.

104 1505 144 1526 20
218 1491 336 1527 Nunc
369 1492 570 1528 Romanas
601 1503 660 1528 res
691 1489 838 1539 accipe.
897 1491 944 1527 A.
975 1490 1011 1528 d.
1043 1502 1105 1526 1111
1138 1490 1276 1527 Nonas
1307 1489 1494 1537 Quintilis
1513 1496 1539 1534 4

162 1557 327 1594 Sufenas
357 1564 395 1594 et
417 1557 518 1595 Cato
548 1555 728 1602 absoluti,
754 1555 945 1593 Procilius
969 1556 1269 1593 condemnatus.
1330 1557 1389 1592 Ex
1415 1569 1495 1604 quo

162 1621 403 1659 intellectum
443 1629 501 1659 est
544 1622 890 1673 τρισαρειοπαγίτας
928 1620 1133 1666 ambitum,
1171 1619 1341 1665 comitia,
1384 1619 1497 1657 inter-

161 1700 334 1736 regnum,
377 1687 632 1733 maiestatem,
668 1695 791 1726 totam
826 1686 1000 1735 denique
1032 1699 1113 1723 rem
1148 1685 1347 1735 publicam
1383 1685 1497 1723 flocci

162 1766 243 1790 non
278 1754 414 1797 facere,
453 1751 679 1804 [debemus]
713 1760 861 1801 patrem
900 1750 1065 1788 familias
1100 1750 1209 1788 domi
1244 1764 1337 1788 suae
1368 1748 1496 1788 occidi

104 1834 140 1865 25
164 1819 279 1864 nolle,
316 1831 446 1866 neque
479 1826 610 1855 tamen
646 1817 685 1855 id
721 1817 849 1866 ipsum
885 1817 1069 1863 abunde3
1113 1829 1204 1853 nam
1243 1815 1497 1853 absolverunt

163 1895 266 1929 xxll,
293 1885 609 1921 condemnarunt
640 1894 788 1919 XXVIII.
850 1881 1013 1919 Publius
1041 1894 1135 1918 sane
1163 1880 1308 1918 diserto
1340 1879 1496 1930 epilogo

203 2000 220 2018 2
247 1989 313 2029 est]
333 1990 359 2019 si
380 1989 419 2018 M
508 1993 596 2018 tuam
616 2011 622 2017 .
643 2011 649 2018 .
668 2012 675 2018 .
697 1985 958 2017 benivolentiam
973 1983 1031 2014 M:
1057 1995 1089 2014 -a
1105 2007 1112 2014 .
1127 2006 1134 2014 .
1148 2007 1155 2013 .
1172 1994 1203 2013 -a
1216 1983 1329 2012 Bm'lcr
1442 1994 1495 2014 co-

159 2044 284 2071 gnosse
296 2037 329 2063 et
343 2043 436 2063 suam
451 2033 608 2062 Bz'iehelcr
623 2043 628 2060 ι
654 2029 812 2068 cognossi
829 2029 892 2058 iam
911 2027 963 2056 M1
979 2041 984 2058 :
1015 2031 1198 2065 cognoscet
1213 2032 1245 2056 et
1263 2036 1356 2056 suam
1376 2027 1497 2058 Rosius

160 2070 234 2107 (scd
270 2077 296 2106 is
334 2077 361 2106 si
403 2076 636 2115 Eutychidesx
717 2074 842 2103 Locum
883 2072 928 2101 ita
967 2071 1025 2101 dal
1069 2069 1258 2110 chsenberg
1297 2075 1429 2109 gratum
1466 2072 1493 2101 si

161 2120 370 2158 Eutychides
397 2125 453 2150 tua
479 2130 559 2158 erga
591 2128 643 2147 me
672 2116 911 2147 benevolentia
939 2119 1125 2153 cognoscet
1159 2124 1252 2144 suam
1401 2116 1421 2143 6
1447 2118 1494 2144 tot

161 2164 225 2193 tuis
243 2163 318 2192 HI:
344 2163 444 2193 totius
463 2162 517 2191 M¹
536 2174 541 2192 :
568 2162 650 2191 totis
672 2161 737 2190 tuis
756 2159 809 2188 ΜΞ
945 2169 966 2197 9
988 2162 1060 2197 post
1083 2159 1200 2197 lepore
1222 2156 1296 2187 add.
1324 2161 1356 2187 te
1374 2157 1494 2187 Iunius

164 2217 200 2236 10
227 2212 363 2245 praetor
380 2206 493 2245 M¹,cf
518 2205 663 2235 [Villems
691 2207 698 2220 ⁴
714 2203 759 2233 Le
781 2201 904 2233 Se'nat'
919 2203 937 2233 i.
954 2207 988 2241 p.
1019 2212 1101 2240 477:
1128 2212 1148 2240 p
1178 2200 1390 2239 l=Publiusji
1415 2199 1490 2231 M2:

160 2251 275 2279 rhetor
291 2261 344 2283 ωε.
366 2250 442 2280 Sex.
472 2249 619 2279 Clodius}
649 2248 779 2286 Rosius,
799 2247 865 2276 coll.
893 2246 978 2276 Pln‘l.
1008 2245 1038 2275 ii.
1063 2254 1103 2282 43
1251 2246 1288 2273 16
1312 2249 1347 2273 ut
1365 2244 1492 2274 conicio

158 2294 225 2324 secl.
248 2294 380 2323 Ermsti
514 2294 551 2321 18
577 2292 646 2321 sere
669 2290 742 2320 Vict.
764 2302 770 2320 :
806 2290 891 2319 sorte
915 2290 953 2319 M
1042 2299 1083 2318 20
1109 2298 1160 2317 1111
1190 2287 1297 2317 Boot:
1331 2297 1370 2317 111
1399 2287 1487 2318 codd.

159 2347 199 2374 24
224 2336 402 2373 debemus]
431 2347 495 2366 om.
528 2336 609 2364 Ant.
639 2335 672 2364 F
696 2337 719 2365 Σ
741 2335 882 2373 (praeter
902 2331 1001 2369 EHW,
1027 2331 1121 2361 haket
1140 2336 1191 2361 A:
1217 2331 1386 2361 debitores
1409 2331 1486 2361 coni.

160 2379 296 2411 Mu'llcr:
323 2381 457 2410 eosdem
477 2377 699 2417 Hirschfelder
808 2376 916 2406 occidi
934 2375 1073 2406 Scln'ilz:
1108 2374 1261 2404 occidere
1279 2373 1320 2403 M
