1773 2651
631 156 743 192 EPP.
776 156 853 191 AD
884 154 1145 193 ATTICVM
1516 157 1586 193 VI.
1609 156 1640 192 ii

211 267 319 315 quod
341 265 501 316 quidem
524 266 633 304 illum
656 268 763 304 soleo
785 266 939 305 hortari.
1001 268 1060 304 Ac
1089 266 1183 304 mihi
1206 266 1358 304 videtur
1380 276 1542 306 matrem

211 333 336 377 valde,
370 340 411 369 ut
443 332 572 377 debet,
606 345 738 370 amare
770 340 887 381 teque
921 330 1094 370 mirifice.
1156 332 1234 370 Sed
1266 341 1322 369 est
1357 346 1542 381 magnum

211 395 307 434 illud
340 396 500 446 quidem
531 410 665 434 verum
698 404 829 434 tamen
863 396 1067 446 multiplex
1099 396 1208 446 pueri
1241 396 1467 446 ingeniumj
1500 398 1541 435 in

210 474 290 511 quo
311 474 383 511 ego
405 463 576 511 regendo
597 462 726 500 habeo
747 461 879 511 negoti
900 461 1002 500 satis.

173 539 190 570 5
265 526 465 574 Quoniam
496 526 682 575 respondi
716 535 937 576 postremae
969 534 1059 564 tuae
1090 526 1255 576 paginae
1287 527 1411 576 prima
1441 541 1537 574 mea,
1561 537 1584 574 3

211 604 316 628 nunc
346 591 397 628 ad
436 590 601 640 primam
641 599 808 629 revertar
842 599 959 628 tuam.
1022 591 1330 640 Peloponnesias
1366 591 1541 629 civitates

210 655 339 692 omnis
370 654 582 692 maritimas
604 668 688 693 esse
719 655 890 692 hominis
920 669 1000 693 non
1031 669 1202 705 nequam
1230 657 1300 694 sed
1328 655 1444 694 etiam
1473 664 1542 693 tuo

210 719 357 758 iudicio
377 719 531 770 probati
551 719 782 758 Dicaearchi
800 720 941 758 tabulis
963 720 1123 758 credidi.
1173 722 1211 758 Is
1229 720 1360 758 multis
1377 720 1543 758 nomini-

211 785 283 822 bus
318 785 357 822 in
389 785 672 834 Trophoniana
705 786 922 824 Chaeronis
958 785 1179 824 narratione
1212 787 1384 824 Graecos
1423 785 1462 823 in
1494 799 1541 823 eo

153 867 191 888 10
209 849 407 898 reprendit
447 851 555 899 quod
595 864 700 888 mare
739 858 891 888 tantum
932 850 1055 889 secuti
1100 850 1175 888 sint
1218 864 1291 888 nec
1334 852 1457 888 ullum
1502 850 1540 888 in

210 916 488 964 Peloponneso
520 917 652 954 locum
684 916 837 966 excipit.
912 918 1046 965 Quom
1082 915 1178 953 mihi
1207 923 1343 953 auctor
1372 917 1542 965 placeret

210 982 373 1032 (etenim
404 990 485 1021 erat
516 984 798 1034 ἶο-τορικώτατος
827 990 864 1021 et
894 982 1039 1020 vixerat
1070 982 1109 1020 in
1140 982 1448 1032 Peloponneso),
1476 983 1541 1020 ad—

210 1046 377 1084 mirabar
398 1055 530 1085 tamen
547 1055 585 1086 et
605 1047 667 1085 vix
680 1049 900 1086 adcredens
915 1045 1204 1085 communicavi
1225 1061 1316 1085 cum
1336 1046 1538 1096 Dionysio.

209 1113 341 1160 Atque
363 1111 393 1149 is
414 1111 541 1161 primo
561 1121 619 1150 est
643 1120 882 1159 commotuS,
902 1111 1058 1157 deinde,
1083 1113 1191 1160 quod
1219 1112 1268 1149 de
1296 1113 1397 1151 †deo
1425 1116 1541 1152 cum†

152 1190 188 1221 15
209 1175 285 1214 isto
317 1176 562 1216 Dicaearcho
593 1191 672 1216 non
705 1177 834 1215 minus
865 1177 967 1215 bene
997 1176 1244 1214 existimabat
1275 1190 1393 1226 quam
1422 1184 1463 1214 tu
1491 1178 1540 1215 de

210 1242 253 1280 C.
286 1242 482 1289 Vestorio,
515 1256 587 1292 ego
626 1243 676 1280 de
717 1244 772 1280 Μ.
806 1241 958 1287 Cluvio,
1000 1254 1081 1279 non
1120 1241 1327 1279 dubitabat
1371 1241 1465 1291 quin
1505 1242 1540 1280 ei

208 1307 468 1345 crederemus.
539 1307 733 1345 Arcadiae
765 1307 951 1345 censebat
990 1320 1076 1344 esse
1115 1307 1297 1356 Lepreon
1336 1307 1539 1355 quoddam

208 1371 471 1418 maritimum3
510 1373 646 1410 Tenea
674 1379 807 1409 autem
842 1378 880 1409 et
910 1369 1098 1420 Aliphera
1127 1378 1165 1408 et
1195 1370 1318 1408 Tritia
1348 1372 1540 1409 νεόκτιστα

206 1436 240 1473 ei
269 1436 512 1483 videbantur,
536 1436 657 1486 idque
683 1440 733 1489 τῷ
751 1440 823 1475 τῶν
847 1440 934 1474 νεῶν
961 1436 1156 1487 καταλόγῳ
1183 1436 1441 1474 confirmabat
1472 1435 1539 1474 ubi

148 1520 187 1541 20
207 1501 356 1539 mentio
380 1515 460 1539 non
492 1502 534 1539 fit
561 1501 737 1540 istorum.
798 1503 938 1551 Itaque
969 1500 1087 1538 istum
1114 1513 1187 1550 ego
1212 1502 1344 1538 locum
1372 1501 1537 1539 totidem

205 1566 332 1604 verbis
353 1581 375 1604 a
397 1566 643 1605 Dicaearcho
667 1566 856 1605 transtuli.
917 1570 925 1584 ‘
943 1565 1155 1603 Phliasios'
1180 1573 1310 1603 autem
1339 1565 1417 1604 dici
1445 1566 1538 1605 scie-

206 1631 296 1668 bam
318 1639 355 1669 et
383 1631 436 1669 ita
463 1632 524 1669 fac
551 1639 593 1669 ut
624 1632 795 1678 habeas:
825 1644 897 1668 nos
925 1629 1087 1680 quidem
1109 1629 1163 1666 sic
1194 1630 1397 1668 habemus.
1458 1632 1535 1670 Sed

205 1695 330 1744 primo
361 1709 424 1734 me
454 1697 635 1748 ἀναλογία
665 1697 884 1745 deceperat,
913 1698 1059 1741 Φλιοῦς,
1082 1694 1228 1741 Ὀποῦς,
1258 1696 1406 1742 Σιποῦς,
1428 1697 1535 1745 quod

203 1760 424 1807 Ὀπούντιοι,
449 1763 671 1801 Σιπούντιοι.
730 1762 808 1799 Sed
830 1762 906 1798 hoc
928 1759 1118 1798 continuo
1139 1759 1387 1797 correximus.

146 1841 183 1873 25
259 1825 413 1864 Laetari
433 1833 471 1864 te
492 1834 624 1864 nostra
645 1824 916 1863 moderatione
937 1832 974 1863 et
995 1823 1239 1862 continentia
1259 1823 1385 1862 video.
1429 1826 1532 1862 Tum
1551 1837 1577 1875 4

204 1890 243 1928 id
272 1890 393 1940 magis
421 1892 578 1938 faceres,
608 1890 639 1928 si
668 1891 837 1928 adesses.
900 1892 1033 1939 Atque
1060 1890 1136 1927 hoc
1161 1890 1245 1927 foro
1270 1890 1379 1938 quod
1401 1889 1460 1940 egi
1487 1903 1534 1928 ex

205 1955 343 1993 Idibus
375 1955 594 1994 Februariis
624 1955 846 1994 Laodiceae
873 1955 924 1993 ad
954 1956 1044 1992 Kal.
1068 1953 1194 1992 Maias
1225 1954 1402 1992 omnium
1430 1954 1534 1993 dioe-

203 2020 350 2058 cesium
381 2029 532 2070 praeter
559 2020 721 2059 Ciliciae
752 2019 944 2058 mirabilia
974 2020 1170 2068 quaedam
1201 2018 1412 2056 effecimus.
1475 2020 1536 2057 Ita

203 2087 348 2123 multae
383 2085 558 2123 civitates
593 2084 701 2123 omni
736 2098 824 2123 aere
853 2083 984 2122 alieno
1014 2083 1214 2130 liberatae,
1245 2084 1391 2121 multae
1421 2085 1535 2122 valde

144 2163 184 2193 30
202 2151 351 2188 levatae
378 2158 481 2197 sunt,
503 2163 640 2188 omnes
669 2149 746 2187 suis
775 2149 926 2199 legibus
948 2156 984 2186 et
1013 2148 1166 2186 iudiciis
1195 2161 1288 2186 usae
1316 2150 1536 2198 αὐτονομίαν

244 2264 264 2293 3
289 2255 320 2284 in
338 2265 404 2294 quo
431 2254 570 2285 Lamb.:
597 2254 685 2293 quod
706 2253 745 2282 M
879 2263 916 2283 10
941 2256 1067 2282 tantum
1094 2250 1212 2282 Orelli:
1248 2257 1316 2281 turn
1339 2251 1397 2282 M:
1432 2257 1498 2283 tam
1517 2253 1535 2283 I

201 2297 301 2328 Rom.
393 2298 459 2328 sint
484 2298 628 2328 Ernesli:
663 2301 740 2326 sunt
766 2295 806 2325 M
940 2305 976 2333 14
1003 2296 1044 2325 de
1068 2295 1132 2325 deo
1157 2305 1231 2325 cum
1256 2295 1320 2325 isto
1346 2294 1425 2326 Ml:
1457 2306 1531 2327 cum

201 2342 243 2371 de
275 2341 340 2371 isto
372 2340 454 2370 JW2:
494 2345 563 2370 tum
593 2341 634 2370 de
663 2340 728 2370 isto
752 2340 873 2369 Klots:
913 2339 955 2368 de
984 2338 1054 2368 idel.
1083 2337 1184 2368 verbis
1206 2339 1269 2368 deo
1293 2349 1366 2368 cum
1400 2339 1463 2369 isto
1496 2344 1533 2370 ut

199 2395 239 2413 ex
266 2383 487 2424 dtttograpln'a
521 2383 730 2414 Dicaearcho
761 2383 857 2422 ortis)
893 2382 1035 2412 Gurlz'tt:
1064 2382 1145 2419 fort.
1180 2381 1221 2411 de
1254 2381 1432 2412 Chaerone
1464 2383 1529 2413 isto

203 2427 454 2457 Dichaearcheo
