1732 2661
120 171 222 209 11.x
578 172 633 208 M.
666 171 833 208 TVLLI
867 170 1174 209 CICERONIS

211 280 331 319 sciam
353 294 433 331 quo
454 281 518 319 die
539 289 576 319 te
597 281 713 319 visuri
741 281 873 318 simus.
934 281 997 318 Ab
1018 280 1124 330 Appi
1152 282 1253 318 Foro
1273 281 1370 319 hora
1389 286 1540 330 quarta.

214 348 410 385 Dederam
432 346 546 384 aliam
569 348 686 396 paulo
707 355 797 384 ante
818 360 840 384 a
860 345 1004 384 Tribus
1025 345 1230 384 TaberniS.

257 465 323 499 XI
443 467 512 499 Ser.
534 469 566 498 in
583 467 765 498 Formiano
781 468 848 498 circ.
870 468 903 497 vi
918 467 959 498 K.
982 466 1061 499 Mai.
1081 478 1112 498 a.
1136 468 1193 507 695
1212 465 1298 506 (59).

622 555 797 586 CICERO
830 554 1001 586 ATTICO
1037 555 1133 586 SAL.

175 658 190 684 1
266 646 391 684 Narro
423 644 503 689 tibi,
531 646 647 694 plane
676 646 867 694 relegatus
898 643 993 681 mihi
1024 644 1158 682 videor
1187 652 1324 694 postea
1353 657 1471 694 quam
1501 643 1542 682 in
1564 653 1582 686 5

212 710 422 748 Formiano
452 723 549 748 sum.
613 709 707 747 Dies
737 709 842 748 enim
873 711 1003 747 nullus
1035 717 1126 756 erat,
1158 709 1253 747 Anti
1281 722 1371 747 curn
1401 722 1540 756 essem,

210 789 290 825 quo
315 776 378 814 die
410 789 489 813 non
518 775 657 813 melius
688 774 826 812 scirem
856 776 1010 813 Romae
1035 774 1131 824 quid
1160 782 1338 824 ageretur
1367 788 1486 824 quam
1517 774 1543 812 ii

210 841 277 891 qui
308 850 415 880 erant
447 843 611 879 Romae.
673 841 831 878 Etenim
871 840 1022 878 litterae
1054 848 1144 878 tuae
1176 854 1257 878 non
1286 842 1413 878 solum
1444 840 1541 890 quid

212 907 365 944 Romae
395 907 465 944 sed
495 905 613 944 etiam
646 906 742 955 quid
773 906 812 943 in
845 920 884 944 re
916 905 1088 955 publica,
1118 919 1247 954 neque
1277 907 1404 943 solum
1445 905 1542 955 quid

210 972 318 1009 fieret
343 985 476 1009 verum
508 971 624 1009 etiam
656 971 753 1020 quid
783 972 956 1008 futurum
987 979 1089 1009 esset
1123 970 1362 1008 indicabant.
1423 971 1542 1008 Nunc
1567 982 1606 1003 10

210 1036 283 1073 nisi
305 1035 335 1073 si
357 1036 451 1086 quid
473 1050 519 1074 ex
541 1044 811 1086 praetereunte
832 1036 979 1074 viatore
1006 1044 1215 1086 exceptum
1236 1044 1304 1082 est,
1328 1035 1425 1073 scire
1446 1035 1542 1073 nihil

209 1114 430 1151 possumus.
473 1103 563 1150 Qua
579 1116 618 1140 re
635 1115 875 1151 quamquam
898 1101 974 1139 iam
996 1109 1033 1139 te
1055 1101 1183 1150 ipsum
1200 1109 1394 1151 exspecto,
1411 1108 1543 1138 tamen

210 1165 271 1204 isti
293 1180 414 1216 puero
435 1180 553 1216 quern
575 1167 625 1204 ad
648 1180 710 1205 me
731 1167 860 1204 statim
882 1166 975 1204 iussi
993 1180 1187 1204 recurrere
1208 1167 1258 1204 da
1279 1167 1542 1215 ponderosam

209 1231 381 1280 aliquam
421 1231 629 1281 epistulam
665 1233 823 1281 plenam
863 1231 1042 1269 omnium
1082 1245 1162 1269 non
1203 1232 1325 1268 modo
1363 1238 1540 1269 actorum

210 1297 279 1333 Sed
301 1295 417 1333 etiarn
440 1296 672 1345 opinionum
696 1304 863 1343 tuarum,
883 1309 928 1334 ac
956 1296 1061 1334 diem
1090 1309 1170 1345 quo
1201 1297 1330 1332 Roma
1352 1295 1403 1332 sis
1424 1295 1542 1333 exitu—
1566 1306 1602 1337 15

167 1375 191 1401 2
211 1375 273 1399 rus
301 1374 392 1399 cura
419 1370 460 1399 ut
488 1361 620 1399 sciam.
682 1363 766 1400 Nos
796 1361 836 1398 in
865 1361 1076 1399 Formiano
1100 1374 1185 1398 esse
1206 1361 1387 1398 volumus
1418 1373 1542 1409 usque

209 1428 259 1464 ad
288 1426 384 1476 prid.
410 1428 548 1464 Nonas
578 1426 716 1464 Maias.
778 1428 838 1464 Eo
866 1425 897 1463 si
926 1434 1017 1464 ante
1038 1439 1125 1463 eam
1147 1424 1252 1463 diem
1275 1438 1355 1462 non
1377 1424 1539 1471 veneris,

211 1492 364 1529 Romae
395 1499 431 1529 te
462 1492 624 1530 fortasse
645 1491 790 1529 videbo
807 1506 817 1539 3
847 1504 939 1528 narn
969 1490 1163 1540 Arpinum
1194 1489 1290 1539 quid
1320 1502 1393 1539 ego
1423 1497 1461 1527 te
1489 1489 1543 1526 in-

209 1556 357 1594 vitem?

344 1623 503 1673 Tf)7])(e'c''‚
535 1622 622 1660 ἀλλ’
652 1622 773 1674 ἀγαθὴ
805 1622 1063 1671 κουροτρόφος,
1097 1620 1171 1658 οὔτ’
1203 1619 1258 1669 ἄρ’
1288 1620 1401 1672 ἔγωγε
1565 1631 1604 1652 20

343 1687 385 1736 ἧς
413 1689 520 1739 γαίης
548 1688 703 1737 δύναμαι
732 1688 1005 1739 γλυκερώτερον
1034 1688 1132 1724 ἄλλο
1163 1685 1316 1724 ἰδέσθαι.

210 1752 324 1789 Haec
345 1751 469 1802 igitur.
532 1753 636 1791 Cura
657 1760 699 1790 ut
719 1754 859 1790 valeaS.

252 1872 344 1906 XII
435 1875 505 1906 Ser.
526 1886 546 1906 a
570 1875 686 1906 Tribus
708 1876 862 1906 Tabernis
879 1875 936 1906 xiii
952 1875 994 1907 K.
1017 1875 1098 1906 Mai.
1119 1885 1149 1907 a.
1169 1874 1228 1914 695
1247 1873 1332 1913 (59).

620 1963 796 1994 CICERO
828 1963 1000 1994 ATTICO
1035 1962 1131 1993 SAL.

176 2063 194 2091 1
267 2051 422 2099 Negent
450 2050 502 2087 illi
531 2051 715 2089 Publium
745 2052 945 2101 plebeium
973 2053 1119 2089 factum
1154 2051 1268 2089 esse?
1326 2050 1418 2086 Hoc
1448 2061 1540 2086 vero
1563 2062 1601 2094 25

210 2128 372 2163 regnum
408 2122 465 2153 est
500 2123 537 2153 et
571 2116 658 2154 ferri
693 2119 802 2155 nullo
836 2124 952 2166 pacto
984 2124 1123 2166 potest.
1198 2114 1361 2152 Emittat
1392 2114 1443 2151 ad
1478 2126 1540 2151 me

210 2180 372 2218 Publius
394 2180 461 2230 qui
488 2181 722 2231 obsignent3
751 2182 889 2220 iurabo
916 2184 1099 2220 Gnaeum
1124 2188 1311 2225 nostrum,
1336 2181 1540 2229 conlegam

210 2245 333 2291 Balbi,
354 2245 448 2283 Anti
471 2246 565 2284 mihi
588 2260 762 2285 narrasse
783 2261 819 2285 se
839 2247 878 2285 in
899 2246 1076 2297 auspicio
1098 2245 1225 2284 fuisse.

256 2358 292 2386 15
318 2350 406 2379 diem
439 2349 488 2380 E:
528 2351 582 2380 die
615 2350 655 2380 M
902 2359 943 2388 25
969 2350 1104 2387 Negant
1142 2348 1329 2388 Wesenbmg
1417 2348 1540 2378 factum

209 2402 227 2421 a
251 2402 287 2421 se
313 2403 388 2422 esse
415 2394 492 2423 com'.
517 2394 619 2423 Orelli
764 2396 804 2423 26
829 2398 879 2423 est
899 2398 932 2423 et
957 2394 1058 2424 ferri.
1080 2417 1086 2423 .
1108 2417 1114 2424 .
1139 2397 1249 2431 potest
1267 2390 1330 2423 Zb:
1358 2401 1433 2422 esse
1452 2392 1540 2421 ferre

209 2458 215 2464 .
237 2460 243 2465 .
264 2459 270 2465 .
294 2441 389 2474 potes
408 2435 447 2464 M
577 2439 618 2466 28
643 2448 678 2467 se
697 2437 771 2468 add.
790 2437 878 2477 vulg.
