1773 2651
150 180 245 217 VII.
265 179 371 215 xviii
632 179 687 215 M.
720 178 888 215 TVLLI
922 177 1228 215 CICERONIS

266 292 431 328 alterum
454 291 701 328 consulatum
722 303 745 327 a
765 302 805 326 re
826 288 983 338 publica
1005 302 1054 327 ne
1084 290 1175 327 data
1196 288 1358 339 quidem
1387 288 1596 327 occasione

268 356 519 406 reppulimus.
580 356 658 394 Sed
679 356 775 392 baec
797 356 997 392 hactenus.

224 435 248 472 3
326 423 386 460 De
410 421 601 470 Dionysio
622 420 717 469 fugit
740 434 802 458 me
831 421 881 458 ad
911 428 947 458 te
976 428 1091 458 antea
1115 420 1309 467 scribereg
1339 421 1407 458 sed
1430 420 1481 458 ita
1509 433 1600 457 con-

269 486 386 532 stitui,
420 493 644 535 exspectare
675 498 861 535 responsa
891 485 1081 531 Caesaris,
1114 492 1169 529 ut,
1199 484 1230 522 si
1258 485 1308 522 ad
1336 485 1473 522 urbem
1504 483 1601 522 redi-

270 565 409 596 remus,
441 551 493 589 ibi
527 564 598 588 nos
629 557 880 599 exspectaret,
908 549 967 587 sin
998 549 1145 587 tardius
1177 549 1215 588 id
1247 551 1366 596 fieret,
1397 558 1479 587 tum
1510 562 1600 586 eum
1622 553 1638 583 5

269 628 563 653 arcesseremus.
626 614 803 653 Omnino
827 614 922 663 quid
951 614 1014 652 ille
1044 615 1171 652 facere
1197 614 1378 652 debuerit
1405 614 1443 651 in
1471 622 1603 651 nostra

271 679 335 717 illa
365 681 464 729 fuga,
492 679 587 729 quid
614 680 735 717 docto
762 678 924 716 homine
951 686 989 716 et
1015 678 1145 717 amico
1175 679 1337 729 dignum
1365 678 1489 724 fuerit,
1513 691 1601 716 cum

271 743 498 794 praesertim
529 752 684 793 rogatus
715 750 826 789 esset,
855 742 946 789 scio,
971 744 1041 781 sed
1066 744 1163 781 haec
1191 757 1270 780 non
1299 742 1415 780 nimis
1443 742 1604 791 exquiro

272 823 294 847 a
325 809 494 847 Graecis.
554 810 617 846 Tu
648 816 779 846 tamen
810 807 972 854 videbis,
1005 807 1036 845 si
1067 807 1147 854 erit,
1181 809 1289 857 quod
1320 807 1453 853 nolim,
1483 819 1605 844 arces-

273 876 430 920 sendus,
455 887 504 911 ne
526 873 679 911 molesti
701 874 822 910 simus
844 873 977 910 invito.
1628 882 1666 903 10

227 949 252 985 4
328 939 501 988 Quintus
540 940 654 976 frater
693 939 843 976 laborat
878 946 919 975 ut
955 937 1024 975 tibi
1057 939 1166 987 quod
1201 938 1319 975 debet
1354 937 1405 975 ab
1439 935 1606 986 Egnatio

276 1005 398 1041 solvat
417 1019 423 1046 ;
454 1017 526 1041 nec
544 1003 713 1053 Egnatio
734 1004 916 1040 voluntas
946 1004 1056 1041 deest
1085 1017 1157 1041 nec
1180 1016 1317 1052 parum
1339 1003 1515 1051 locuples
1536 1010 1604 1046 est,

276 1070 345 1107 sed
375 1082 465 1106 cum
497 1070 573 1106 tale
603 1076 758 1117 tempus
786 1067 833 1105 sit
859 1076 899 1105 ut
929 1069 977 1116 Q.
1001 1067 1171 1105 Titinius
1198 1068 1383 1117 (multum
1415 1066 1520 1105 enim
1551 1074 1608 1103 est

276 1133 502 1184 nobiscum)
533 1133 718 1171 viaticum
754 1146 795 1170 se
826 1140 941 1182 neget
972 1133 1115 1170 habere
1147 1132 1332 1182 idemque
1363 1130 1608 1170 debitoribus

276 1199 355 1237 suis
376 1198 615 1237 denuntiarit
637 1206 678 1236 ut
700 1199 842 1236 eodem
864 1199 1022 1235 faenore
1040 1205 1385 1246 uterentur,atque
1406 1198 1482 1234 hoc
1503 1195 1608 1233 idem
1634 1203 1669 1234 Ι5

277 1265 394 1303 etiam
426 1266 467 1302 L.
494 1263 613 1314 Ligus
643 1263 781 1301 fecisse
811 1262 974 1309 dicatur,
998 1276 1070 1300 nec
1098 1263 1175 1299 hoc
1203 1270 1380 1311 tempore
1406 1268 1473 1298 aut
1501 1259 1609 1298 domi

278 1342 462 1367 nummos
485 1328 658 1378 Quintus
685 1328 828 1366 habeat
856 1335 923 1365 aut
947 1326 1098 1376 exigere
1122 1327 1173 1364 ab
1203 1325 1371 1375 Egnatio
1397 1333 1463 1363 aut
1485 1338 1611 1362 versu-

278 1408 359 1432 ram
382 1407 549 1443 usquam
570 1395 697 1431 facere
718 1392 853 1442 possit,
872 1392 1032 1430 miratur
1053 1399 1090 1429 te
1112 1405 1192 1429 non
1214 1391 1397 1429 habuisse
1419 1390 1609 1428 rationem

279 1459 394 1497 huius
411 1458 593 1509 publicae
621 1456 870 1496 difficultatis.
933 1459 1018 1507 Ego
1038 1465 1171 1495 autem
1199 1455 1271 1494 etsi
1296 1455 1394 1493 illud
1414 1455 1611 1505 ψευδησιό-

280 1525 374 1563 δειον
396 1523 465 1574 (ita
495 1523 599 1561 enim
632 1521 805 1572 putatur)
831 1522 998 1560 observo
1022 1522 1135 1572 ίμηδὲ
1165 1521 1290 1570 δίκην,’
1317 1519 1543 1570 praesertim
1574 1519 1613 1556 in
1636 1530 1675 1551 20

281 1598 318 1628 te
338 1603 360 1627 a
381 1603 460 1639 quo
481 1589 577 1627 nihil
594 1602 783 1638 umquam
801 1587 879 1626 vidi
902 1595 1047 1626 temere
1065 1587 1155 1633 fieri,
1180 1595 1312 1624 tamen
1334 1585 1435 1623 illius
1457 1586 1614 1635 querela

282 1654 477 1692 movebar.
540 1655 632 1691 Hoc
654 1652 843 1702 quicquid
865 1660 922 1690 est
945 1660 982 1690 te
1004 1652 1101 1690 scire
1122 1652 1237 1690 volui.

326 1771 437 1806 XIX
540 1773 607 1805 Ser.
630 1775 662 1804 in
682 1773 862 1804 Formiano
880 1774 916 1803 1'1'1'
929 1773 1017 1804 Non.
1036 1773 1125 1803 Febr.
1147 1783 1177 1803 (1.
1197 1782 1251 1811 70)¹
1270 1772 1355 1810 (μὴ.

756 1851 931 1882 CICERO
957 1850 1138 1880 ATTICO.

340 1931 447 1969 Nihil
475 1931 604 1968 habeo
625 1931 733 1979 quod
754 1931 805 1968 ad
826 1938 864 1967 te
885 1929 1051 1967 scribam
1074 1927 1140 1976 qui
1163 1926 1279 1964 etiam
1302 1938 1387 1963 eam
1409 1923 1615 1974 epistulam
1639 1935 1674 1966 ²5

285 2011 403 2047 quam
435 2010 540 2035 eram
573 1996 825 2034 elucubratus
856 1996 906 2032 ad
942 2003 979 2032 te
1015 2007 1094 2031 non
1129 1992 1319 2030 dederim.
1380 1993 1471 2028 Erat
1511 1989 1615 2027 enim

285 2064 401 2112 plena
431 2062 512 2112 spei
543 2062 683 2107 bonae,
708 2062 816 2110 quod
847 2068 885 2098 et
916 2058 1111 2097 contionis
1141 2058 1384 2094 voluntatem
1415 2054 1616 2092 audieram

286 2136 323 2165 et
355 2128 463 2165 illum
495 2126 798 2164 condicionibus
831 2137 991 2162 usurum
1025 2123 1224 2172 putabam,
1262 2119 1487 2170 praesertim
1524 2118 1613 2156 suis.

288 2193 393 2230 Ecce
414 2191 483 2229 tibi
510 2204 555 2228 111
586 2192 723 2228 Nonas
753 2190 865 2228 Febr.
888 2202 1004 2226 mane
1031 2186 1165 2236 accepi
1197 2186 1341 2223 litteras
1370 2192 1464 2227 tuas,
1491 2182 1617 2220 Philo-

287 2257 380 2303 timi,
407 2256 534 2301 Furni,
553 2255 735 2294 Curionis
756 2255 806 2292 ad
829 2252 1027 2298 Furnium,
1052 2251 1195 2301 quibus
1218 2250 1357 2288 inridet
1380 2250 1421 2285 L.
1440 2246 1617 2286 Caesaris
1638 2256 1678 2286 30

330 2362 350 2391 8
375 2361 445 2391 scio
474 2353 785 2391 CZINOPFAnt.:
813 2368 877 2387 ont.
902 2356 941 2385 M
1032 2365 1066 2393 17
1098 2355 1239 2392 exigere
1260 2353 1302 2382 I:
1329 2352 1423 2382 exire
1450 2350 1491 2380 Μ
1577 2359 1614 2379 21

288 2404 376 2435 illius
402 2404 512 2444 vulg:
551 2404 584 2433 in
613 2403 702 2432 illius
728 2401 848 2431 Klotz:
888 2399 1013 2430 nullius
1035 2397 1075 2427 M
1279 2406 1320 2434 25
1343 2395 1400 2434 qui
1430 2393 1456 2423 L
1485 2404 1590 2433 marg.
1611 2404 1617 2422 z

287 2449 369 2486 quin
394 2447 435 2477 M
564 2447 606 2475 26
635 2445 713 2476 dedi
740 2443 797 2474 M2
