1773 2651
604 171 715 207 EPP.
748 171 826 206 AD
856 169 1115 207 ATTICVM
1370 169 1486 206 VIII.
1506 168 1567 204 xii
1583 179 1606 205 C

176 284 216 322 in
256 291 512 334 conspectum
549 281 725 321 Caesaris
764 281 1112 319 committerentur.
1173 283 1304 330 Quam
1340 281 1392 319 ob
1431 295 1512 319 rem

177 349 302 389 nolito
337 347 586 393 commoveri,
617 347 648 385 si
681 346 850 385 audieris
886 361 948 385 me
979 346 1140 396 regredi,
1173 347 1203 384 si
1235 349 1333 385 forte
1369 348 1514 386 Caesar

176 415 227 452 ad
263 428 325 451 me
358 413 510 460 veniet3
550 414 770 451 cavendum
803 412 909 450 enim
943 419 1040 461 puto
1079 425 1164 450 esse
1203 426 1253 450 ne
1291 412 1514 462 implicatus

177 481 369 517 haeream.
431 480 534 516 Nam
561 492 691 528 neque
718 486 842 516 castra
869 485 1027 527 propter
1052 477 1145 515 anni
1170 485 1325 527 tempus
1353 485 1390 516 et
1419 477 1514 515 mili-

138 553 260 587 5tum
301 544 454 583 animos
493 545 619 582 facere
658 557 819 593 possum
864 557 994 593 neque
1033 557 1079 581 ex
1124 543 1309 581 omnibus
1355 543 1511 593 oppidis

177 611 406 648 contrahere
437 609 570 659 copias
605 608 775 658 expedit,
804 622 854 646 ne
888 616 1090 658 receptum
1122 608 1310 646 amittam.
1372 610 1512 658 Itaque

177 690 256 713 non
278 675 445 725 amplius
467 687 561 712 xlm
584 674 756 713 cohortis
779 674 984 712 Luceriam
1006 673 1126 724 coegi.
1187 675 1382 713 Consules
1408 687 1513 724 prae-
1532 683 1556 720 3

177 741 276 779 sidia
314 740 447 778 omnia
486 742 541 777 ad
575 754 630 778 me
667 740 876 778 deducturi
907 748 997 778 sunt
1031 748 1098 777 aut
1132 739 1172 777 in
1207 739 1378 778 Siciliam
1411 739 1510 777 ituri.

178 808 281 844 Nam
303 814 368 843 aut
390 805 602 844 exercitum
624 807 779 843 firmum
807 805 952 843 habere
979 812 1133 855 oportet
1161 819 1240 855 quo
1265 806 1513 843 confidamus

121 886 157 908 10
177 884 427 921 perrumpere
461 884 534 909 nos
565 884 680 921 posse
714 878 780 908 aut
814 870 992 920 regiones
1027 870 1110 908 eius
1142 870 1251 909 modi
1283 870 1460 909 obtinere
1492 885 1513 908 e

177 937 321 987 quibus
351 950 640 987 repugnemus:
671 936 711 974 id
739 937 847 986 quod
875 944 1057 974 neutrum
1088 936 1202 975 nobis
1230 937 1306 975 hoc
1336 944 1514 986 tempore

177 1001 351 1051 contigit,
375 1003 482 1051 quod
513 1009 551 1039 et
581 1015 763 1051 magnam
791 1009 941 1051 partem
971 1001 1107 1039 Italiae
1135 1002 1280 1040 Caesar
1306 1001 1514 1051 occupavit

178 1075 215 1105 et
247 1080 319 1104 nos
354 1080 434 1104 non
466 1067 658 1104 habemus
690 1066 902 1104 exercitum
941 1074 1021 1104 tam
1054 1068 1231 1116 amplum
1269 1080 1399 1116 neque
1433 1074 1513 1104 tam

180 1147 366 1183 magnum
406 1146 523 1182 quam
563 1132 638 1170 ille.
714 1134 854 1182 Itaque
893 1131 1008 1170 nobis
1047 1132 1336 1181 providendum
1376 1140 1433 1169 est
1472 1138 1514 1169 ut

122 1213 158 1244 15
180 1212 376 1236 summam
408 1198 461 1236 rei
492 1197 674 1247 publicae
708 1197 900 1235 rationem
939 1197 1165 1235 habeamus.
1227 1197 1357 1234 Etiam
1395 1205 1515 1246 atque

180 1263 296 1301 etiam
327 1271 364 1302 te
394 1264 527 1301 hortor
556 1270 598 1300 ut
625 1276 715 1300 cum
746 1261 854 1300 omni
884 1261 998 1311 copia
1025 1275 1142 1311 quam
1170 1261 1339 1312 primum
1369 1263 1420 1300 ad
1451 1275 1514 1300 me

179 1328 322 1366 venias.
383 1330 598 1366 Possumus
637 1327 754 1365 etiam
790 1340 895 1365 nunc
935 1341 1015 1365 rem
1054 1327 1254 1377 publicam
1293 1326 1447 1376 erigere,
1482 1326 1514 1364 si

180 1393 382 1431 communi
413 1393 577 1431 consilio
611 1392 812 1443 negotium
842 1391 1231 1439 administrabimus3
1265 1391 1295 1429 si
1330 1392 1515 1429 distrahe-

181 1472 276 1505 mur,
309 1458 452 1496 infirmi
482 1458 636 1496 erimus.
700 1457 801 1495 Mihi
830 1458 907 1495 hoc
937 1457 1194 1495 constitutum
1224 1464 1292 1494 est.

121 1536 162 1558 20
238 1524 313 1562 His
335 1524 469 1562 litteris
491 1524 642 1574 scriptis
673 1523 785 1561 Sicca
814 1523 884 1560 abs
909 1530 947 1560 te
978 1522 1073 1560 mihi
1094 1522 1239 1560 litteras
1267 1530 1304 1560 et
1329 1523 1516 1560 mandata

180 1589 319 1626 attulit.
378 1590 498 1637 Quod
531 1602 593 1626 me
626 1589 779 1626 hortare
815 1595 857 1625 ut
892 1587 991 1625 istuc
1019 1587 1183 1632 veniam,
1222 1586 1262 1624 id
1294 1600 1357 1624 me
1388 1588 1515 1626 facere

181 1668 261 1692 non
291 1653 455 1693 arbitror
484 1667 610 1704 posse,
643 1654 752 1704 quod
782 1666 863 1691 non
894 1665 1037 1702 magno
1058 1665 1176 1702 opere
1205 1651 1265 1690 his
1295 1651 1515 1702 legionibus

181 1720 351 1758 confido.

825 1853 874 1889 D.

507 1965 577 1996 Ser.
599 1964 750 1996 Lucem'ae
765 1966 825 1996 xiii
838 1965 880 1996 K.
901 1965 1002 1996 Illarl.
1027 1976 1080 2005 7⁰5
1099 1965 1185 2005 (49).

262 2054 335 2084 CN.
364 2053 558 2084 MAGNVS
587 2053 783 2084 PROCOS.
811 2053 845 2084 S.
873 2054 913 2084 D.
943 2054 979 2084 L.
1006 2053 1208 2084 DOMITIO
1235 2054 1432 2086 PROCOS.

239 2132 408 2170 Litterae
434 2132 530 2170 mihi
550 2146 572 2169 a
594 2140 631 2170 te
653 2132 828 2170 redditae
850 2140 939 2170 sunt
960 2146 992 2170 a.
1015 2134 1052 2170 d.
1075 2145 1151 2170 xm
1177 2135 1263 2171 Kal.
1290 2134 1451 2172 Martias
1473 2134 1512 2172 in
1531 2141 1549 2169 1

183 2197 326 2246 quibus
358 2196 492 2235 scribis
526 2198 734 2235 Caesarem
765 2199 871 2246 apud
904 2197 1122 2236 Corfinium
1162 2206 1286 2236 castra
1324 2198 1513 2248 posuisse.

229 2301 248 2329 8
272 2300 313 2330 ad
326 2309 378 2329 me
392 2299 455 2339 {vel
464 2299 569 2329 simile
585 2300 678 2338 quid)
706 2299 782 2330 add.
804 2298 992 2340 lls'esenhczg
1006 2312 1012 2330 ε
1038 2300 1258 2331 Brundisium
1272 2301 1346 2332 add.
1363 2301 1517 2333 Schmidt

186 2344 257 2383 aut]
279 2348 336 2373 aut
354 2343 418 2373 huc
435 2348 492 2373 aut
509 2343 704 2383 Sternkojff:
730 2348 763 2374 et
781 2344 860 2374 coni.
874 2343 957 2374 Reid
974 2344 1041 2375 coll.
1061 2348 1076 2381 ξ
1096 2355 1114 2373 2
1133 2345 1152 2375 l.
1166 2346 1208 2374 26
1301 2355 1338 2384 15
1364 2356 1514 2376 summae

187 2386 215 2416 L
237 2387 380 2426 (marg.)
527 2397 569 2416 20
595 2387 691 2416 Sicca
713 2387 772 2416 abs
793 2392 824 2417 te
842 2387 944 2417 Boot:
971 2388 1018 2418 sic
1036 2389 1077 2418 ad
1094 2392 1193 2426 poete
1212 2388 1297 2419 codd.
1316 2400 1322 2419 :
1349 2389 1426 2420 Sica
1444 2401 1462 2420 a
1482 2395 1515 2420 te

187 2430 275 2470 vulg.
369 2434 402 2459 et
421 2431 575 2460 mandata
593 2430 702 2460 attulit
721 2430 820 2461 EOR
837 2443 842 2460 :
867 2431 977 2461 attulit
995 2436 1028 2461 et
1048 2432 1204 2462 mandata
1225 2436 1251 2461 Δ
