1773 2651
116 892 154 913 10

115 1540 153 1561 20

115 1864 151 1894 25

596 180 707 216 EPP.
741 179 818 215 AD
850 179 1108 217 ATTICVM
1418 178 1511 215 VII.
1534 177 1580 214 ix

174 299 215 329 ut
247 291 344 329 ratio
376 291 566 329 habeatur
600 288 801 328 retinentis
836 288 1059 335 exercitum,
1094 303 1173 327 non
1209 290 1334 327 facere
1373 288 1500 327 miror.

174 357 303 396 Nobis
332 365 476 402 autern,
499 364 542 394 ut
566 355 727 406 quidam
755 362 905 405 putant,
929 354 1024 392 nihil
1053 362 1110 392 est
1136 353 1356 393 timendum
1382 354 1503 404 magis

173 436 292 472 quam
314 422 377 460 ille
403 422 552 460 consul.
615 422 688 458 ‘At
709 419 764 458 sic
792 421 917 458 malo'
938 419 1090 469 inquies
1114 422 1253 469 ‘quarn
1282 433 1372 458 curn
1402 433 1504 457 exer-

173 487 276 526 citu.’
334 488 475 533 Certe3
505 487 574 524 sed
605 485 707 524 istud
738 485 866 535 ipsum
895 484 995 531 ‘sic‚'
1021 484 1113 529 scio,
1138 497 1325 534 magnum
1356 485 1502 522 malum

174 560 285 603 putat
313 551 453 601 aliquis
483 565 612 601 neque
642 550 677 588 ei
707 549 925 588 remedium
956 557 1013 587 est
1043 550 1177 586 ullum.
1239 552 1247 568 ‘
1266 550 1503 588 Cedendum

173 625 241 664 est,
266 617 296 655 si
318 617 357 655 id
378 618 505 655 volet?
563 615 666 654 Vide
690 617 894 654 consulem
922 614 1030 652 illum
1058 613 1197 652 iterum
1228 627 1346 663 quem
1373 613 1504 652 vidisti

173 683 379 720 consulatu
410 681 546 731 priore.
610 682 683 718 ‘At
713 688 795 718 tum
827 679 1047 718 imbecillus
1077 680 1185 729 plus’
1213 678 1340 728 inquit
1364 679 1504 717 ‘valuit

173 760 292 796 quarn
321 754 401 784 tota
428 759 487 784 res
518 744 699 794 publica.'
758 744 866 793 Quid
897 757 1002 782 nunc
1030 745 1173 793 putas?
1202 751 1239 781 et
1270 757 1317 782 eo
1341 745 1504 782 consule

175 811 366 861 Pompeio
395 818 544 849 certum
576 818 633 848 est
664 823 748 848 esse
778 809 817 847 in
849 808 1054 858 Hispania.
1115 809 1151 847 O
1182 822 1263 847 rem
1298 807 1503 846 miseram!

173 876 204 915 si
239 876 400 926 quidem
433 875 473 914 id
512 875 641 925 ipsum
680 874 933 913 deterrimum
973 881 1030 912 est
1070 874 1178 923 quod
1216 873 1384 911 recusari
1423 887 1502 912 non

173 949 302 992 potest
323 948 361 979 et
386 942 494 990 quod
522 940 585 978 ille
606 939 637 977 si
664 939 790 985 faciat,
814 939 891 976 iarn
912 938 989 976 iam
1011 953 1034 976 a
1055 937 1170 976 bonis
1191 937 1376 976 omnibus
1403 952 1504 976 surn-

173 1019 277 1044 mam
299 1005 404 1044 ineat
432 1005 606 1055 gratiam.
665 1005 869 1042 Tollamus
899 1002 1013 1053 igitur
1041 1004 1117 1041 hoc
1138 1016 1218 1053 quo
1248 1003 1357 1041 illum
1388 1017 1502 1053 posse
1523 1013 1548 1050 4

171 1070 317 1110 adduci
349 1077 489 1120 negat3
529 1071 580 1108 de
618 1069 776 1119 reliquis
815 1068 910 1118 quid
949 1076 1007 1106 est
1046 1067 1330 1107 deterrimum?
1400 1069 1503 1107 Con-

172 1137 312 1174 cedere
343 1135 398 1173 illi
429 1135 549 1185 quod,
585 1142 627 1172 ut
659 1134 763 1172 idern
796 1132 901 1179 dicit,
939 1132 1279 1183 impudentissime
1318 1135 1499 1183 postulat.

174 1202 277 1239 Nam
308 1200 404 1250 quid
434 1199 733 1250 impudentius?
791 1198 968 1237 Tenuisti
1002 1197 1244 1248 provinciam
1278 1212 1346 1248 per
1376 1212 1502 1236 annos
1530 1205 1536 1208 '

172 1267 312 1304 decem
334 1279 414 1303 non
435 1264 505 1303 tibi
526 1278 549 1302 a
568 1272 706 1302 senatu
728 1265 797 1302 sed
816 1277 839 1301 a
859 1271 896 1302 te
918 1263 1003 1313 ipso
1030 1277 1098 1313 per
1118 1263 1196 1301 vim
1218 1271 1255 1302 et
1283 1277 1351 1314 per
1371 1263 1502 1302 factio-

172 1344 263 1368 nem
293 1331 431 1376 datos3
469 1329 665 1378 praeteriit
695 1336 850 1378 tempus
871 1341 951 1365 non
976 1327 1070 1378 legis
1100 1328 1169 1366 sed
1194 1326 1369 1366 libidinis
1399 1335 1499 1373 tuae,

172 1396 232 1432 fac
259 1402 391 1432 tamen
415 1393 534 1444 legis;
569 1401 610 1431 ut
631 1394 865 1432 succedatur
892 1391 1137 1439 decernitur3
1176 1391 1344 1441 impedis
1368 1399 1405 1430 et
1431 1391 1498 1437 ais,

175 1462 183 1478 ‘
198 1459 316 1496 Habe
338 1472 467 1497 meam
488 1457 705 1496 rationem.'
763 1458 882 1496 Habe
903 1464 944 1494 tu
965 1464 1149 1495 nostram.
1211 1456 1435 1495 Exercitum
1460 1464 1501 1494 tu

172 1524 318 1562 habeas
348 1523 495 1561 diutius
525 1536 643 1573 quam
674 1523 844 1572 populus
875 1521 995 1568 iussit,
1025 1521 1147 1560 invito
1176 1523 1344 1559 senatu?
1402 1523 1502 1560 ‘De-

172 1602 321 1639 pugnes
342 1595 506 1638 oportet,
531 1587 605 1625 nisi
634 1586 845 1626 concedis.'
903 1588 1007 1626 Cum
1032 1586 1138 1624 bona
1167 1585 1328 1635 quidem
1356 1599 1435 1636 spe,
1460 1594 1502 1624 ut

170 1653 223 1691 ait
257 1653 375 1699 idem,
411 1654 471 1691 vel
505 1652 688 1690 vincendi
722 1653 783 1690 vel
813 1651 852 1689 in
882 1651 1059 1689 libertate
1090 1650 1293 1689 moriendi.
1355 1652 1440 1689 Iarn
1470 1650 1501 1689 si

171 1718 429 1768 pugnandum
468 1724 536 1763 est,
574 1730 654 1767 quo
688 1724 876 1766 tempore,
913 1716 951 1753 in
992 1729 1095 1763 casu,
1129 1728 1209 1765 quo
1248 1715 1424 1763 consilio,
1461 1715 1501 1753 in

172 1783 414 1833 temporibus
448 1782 566 1821 situm
605 1790 673 1820 est.
734 1783 874 1831 Itaque
913 1789 950 1819 te
990 1780 1029 1818 in
1068 1794 1113 1819 ea
1151 1780 1381 1830 quaestione
1420 1795 1500 1819 non

171 1862 358 1895 exerceo3
386 1849 437 1886 ad
468 1861 514 1886 ea
543 1861 644 1896 quae
674 1847 753 1886 dixi
783 1848 891 1886 adfer
921 1846 952 1885 si
982 1846 1078 1896 quid
1108 1846 1240 1885 habes.
1302 1846 1499 1896 Equidem

171 1912 254 1950 dies
285 1920 501 1962 noctesque
530 1920 724 1961 torqueor.

216 2028 234 2053 4
264 2016 354 2048 ‘sies
371 2016 452 2047 scio,
471 2015 651 2055 Slcrnkopf
667 2015 736 2045 coll.
759 2015 825 2044 viii.
851 2024 886 2053 15
905 2026 932 2045 a.
953 2025 994 2053 3:
1021 2014 1068 2044 sic
1094 2014 1134 2045 O.
1155 2014 1243 2044 codd.
1262 2025 1268 2044 z
1299 2015 1366 2044 ‘sic
1394 2014 1496 2045 malo'

173 2060 251 2089 coni.
272 2060 378 2089 Boot:
413 2060 489 2089 dico
513 2059 658 2089 Ernesti:
687 2058 771 2089 'sic‘
792 2058 867 2088 dico
898 2058 1050 2088 Tunslall
1197 2069 1213 2096 7
1240 2058 1348 2097 inquit
1374 2057 1440 2096 M1,
1461 2059 1497 2098 cf

174 2103 259 2132 Reid
271 2103 318 2132 ced
330 2102 478 2132 Acadcm
511 2103 543 2133 ii.
566 2113 606 2140 79
629 2106 657 2131 cl
674 2102 707 2130 in
734 2105 740 2117 ‘
754 2101 1002 2131 Hcrmatlzetm'
1019 2102 1137 2142 (1901)
1154 2106 1189 2141 p.
1210 2111 1272 2140 253
1290 2112 1334 2140 sq.
1356 2113 1362 2131 z
1388 2102 1502 2140 inquis

174 2145 232 2174 1112
390 2156 424 2175 11
452 2147 515 2175 iarn
539 2145 559 2175 I
581 2145 697 2174 Lamb.
803 2156 821 2174 a
845 2144 919 2174 add.
941 2145 1029 2185 vulg.
1190 2155 1228 2183 13
1254 2149 1355 2184 negat
1382 2144 1498 2175 Orelli:

174 2194 300 2227 negant
324 2189 410 2219 codd.
536 2199 574 2227 15
599 2199 707 2219 annos
725 2189 841 2218 decem
867 2191 908 2218 Σ;
935 2189 1053 2218 decem
1071 2198 1180 2218 annos
1205 2193 1232 2217 Δ
1369 2198 1405 2226 17
1433 2199 1501 2218 non

174 2233 258 2270 legis
276 2231 321 2262 C:
346 2242 414 2262 non
431 2232 511 2270 legit
524 2230 681 2260 EOPJI:
708 2241 773 2260 non
794 2230 981 2268 legitimum
998 2230 1163 2270 starg.
1274 2231 1335 2261 sed
1355 2231 1501 2262 libidinis

173 2281 261 2313 tuae,
282 2275 332 2305 sac
350 2281 461 2305 tamen
479 2275 565 2313 legis
591 2274 634 2304 C:
669 2285 734 2304 om.
758 2278 811 2304 ΣΔ
949 2284 987 2313 19
1012 2273 1111 2303 Habe
1139 2279 1174 2304 tu
1200 2274 1305 2306 Crat.:
1340 2275 1441 2305 habet
1465 2280 1500 2305 tu

173 2318 225 2348 N:
252 2319 353 2348 babet
380 2316 532 2348 OlPMlz
558 2318 642 2347 habe
666 2316 831 2347 EO2M2s
936 2323 1084 2347 nostram
1113 2315 1319 2359 lVesenberg:
1347 2323 1500 2349 nostrum

174 2360 261 2393 codd.
398 2371 438 2400 23
463 2361 601 2391 alterum
620 2361 653 2390 in
671 2360 832 2391 ENM's:
859 2361 885 2391 si
905 2361 938 2390 in
965 2361 1047 2391 OP:
1072 2361 1145 2391 sine
1171 2360 1225 2391 Ml
