1773 2651
602 169 713 206 EPP.
746 170 823 206 AD
854 169 1114 208 ATTICVM
1427 170 1521 207 VII.
1541 170 1633 207 xvii

241 282 325 330 Ego
349 293 407 318 1111
433 283 569 319 Nonas
593 282 717 326 Febr„
736 295 815 330 quo
836 280 900 319 die
921 282 990 318 has
1011 281 1156 319 litteras
1178 281 1282 327 dedi,
1305 280 1343 319 in
1368 282 1513 319 Formi·
1532 292 1556 330 5

184 359 272 391 ano,
295 360 374 394 quo
405 347 541 395 Capua
572 346 773 391 redieram,
797 345 978 384 mulieres
1008 347 1295 395 exspectabam.
1357 347 1513 395 Quibus

184 410 344 459 quidem
367 410 594 460 scripseram
623 410 698 448 tuis
725 410 860 448 litteris
880 410 1106 449 admonitus
1134 419 1176 448 ut
1206 413 1358 449 Romae
1383 425 1513 450 mane-

184 483 278 512 rent.
339 476 416 513 Sed
436 475 556 513 audio
578 475 765 512 maiorem
794 476 993 524 quendam
1022 474 1061 512 in
1083 475 1178 513 urbe
1206 475 1387 513 timorem
1415 490 1510 514 esse.

147 552 163 583 5
185 541 345 589 Capuae
367 540 494 578 Nonis
523 541 634 578 Febr.
658 554 743 578 esse
763 541 957 586 volebam,
981 539 1072 590 quia
1099 542 1280 578 consules
1308 541 1510 579 iusserant.

184 605 386 654 Quicquid
408 606 485 642 huc
506 605 576 643 erit
596 618 619 642 a
641 605 833 654 Pompeio
853 606 1039 651 adlatum,
1063 605 1193 643 statim
1214 607 1264 644 ad
1286 613 1324 644 te
1344 606 1512 644 scribam

183 678 347 719 tuasque
369 671 418 708 de
440 670 521 708 istis
543 670 658 708 rebus
679 669 823 708 litteras
846 670 1093 720 exspectabo.

226 786 387 821 XVIII
431 788 499 821 Scr.
519 791 550 820 in
569 790 750 821 Formiano
767 791 802 820 iii
816 790 902 821 Non.
922 791 1013 821 Febr.
1035 801 1064 821 α.
1089 801 1143 830 705
1160 790 1248 832 (49).

590 867 762 898 CICERO
784 867 967 898 ATTICO
989 867 1093 899 SAL.

126 958 163 979 10
237 957 299 982 1111
332 946 437 983 Non.
466 945 577 982 Febr.
609 945 789 983 mulieres
820 953 975 983 nostrae
1007 945 1182 983 Formias
1212 953 1403 984 venerunt
1433 953 1512 984 tua-
1532 958 1548 984 1

182 1023 259 1059 que
279 1023 368 1059 erga
397 1023 438 1047 se
466 1009 591 1048 officia
618 1011 734 1059 plena
764 1009 818 1047 tui
847 1009 1064 1047 suavissimi
1090 1010 1193 1048 studi
1217 1012 1268 1048 ad
1296 1024 1359 1049 me
1387 1019 1513 1061 pertu-

181 1075 318 1110 lerunt.
381 1075 457 1111 Eas
487 1086 570 1122 ego,
594 1074 726 1122 quoad
757 1073 944 1111 sciremus
974 1081 1103 1111 utrum
1139 1073 1240 1122 turpi
1271 1087 1367 1123 pace
1396 1074 1511 1112 nobis

181 1151 230 1174 an
262 1138 404 1175 misero
435 1138 539 1175 bello
569 1145 670 1175 esset
697 1138 902 1183 utendum,
925 1136 964 1174 in
994 1137 1204 1175 Formiano
1229 1151 1314 1175 esse
1341 1138 1445 1176 volui
1473 1146 1511 1176 et

182 1216 259 1239 una
277 1202 500 1241 Cicerones.
544 1203 634 1251 Ipse
655 1215 745 1239 cum
767 1203 880 1240 fratre
895 1203 1073 1251 Capuam
1094 1204 1145 1240 ad
1162 1204 1343 1240 consules
1365 1203 1510 1252 (Nonis

125 1282 161 1312 15
181 1267 286 1305 enim
308 1269 446 1305 adesse
466 1266 559 1304 iussi
584 1267 735 1316 sumus)
759 1279 804 1304 111
828 1268 964 1304 Nonas
986 1268 1182 1316 profectus
1204 1280 1304 1314 sum,
1325 1281 1415 1305 cum
1441 1268 1510 1305 has

182 1332 325 1370 litteras
347 1332 451 1371 dedi.

237 1399 445 1446 Responsa
475 1396 639 1447 Pompei
663 1404 769 1447 grata
799 1398 947 1447 populo
968 1405 1005 1435 et
1033 1397 1197 1447 probata
1224 1397 1400 1436 contioni
1425 1411 1510 1436 esse

180 1462 373 1500 dicuntur.
436 1464 496 1500 Ita
530 1471 719 1512 putaram.
780 1464 894 1511 Quae
923 1462 1083 1512 quidem
1117 1462 1180 1501 ille
1218 1464 1255 1500 si
1284 1463 1507 1513 repudiarit,

180 1527 347 1575 iacebit3
381 1527 411 1565 si
441 1527 698 1577 acceperit—.
761 1529 923 1565 ‘Vtrum
954 1527 1089 1576 igitur'
1124 1527 1277 1577 inquies
1315 1528 1508 1566 ‘mavis?‘

122 1609 162 1630 20
182 1594 494 1642 Responderem,
518 1592 548 1630 si
579 1606 697 1642 quern
727 1593 778 1631 ad
809 1594 973 1631 modum
1003 1592 1125 1642 parati
1153 1606 1327 1630 essemus
1355 1593 1505 1631 scirem.

180 1657 362 1695 Cassium
384 1666 464 1696 erat
485 1657 548 1695 hic
569 1657 749 1695 auditum
771 1659 976 1707 expulsum
999 1659 1166 1695 Ancona
1182 1670 1349 1707 eamque
1370 1659 1506 1696 urbem
1526 1670 1550 1697 2

177 1734 199 1758 a
239 1722 353 1759 nobis
393 1722 525 1760 teneri.
586 1721 625 1760 Si
662 1723 808 1760 bellum
849 1723 1020 1771 futurum
1057 1729 1126 1768 est,
1160 1721 1360 1771 negotium
1401 1722 1504 1760 utile.

179 1788 387 1825 Caesarem
409 1787 570 1837 quidem
599 1789 641 1825 L.
667 1789 834 1826 Caesare
855 1801 945 1826 curn
974 1787 1169 1825 mandatis
1191 1789 1240 1826 de
1266 1801 1362 1837 pace
1388 1788 1507 1826 misso

178 1860 309 1890 tamen
339 1852 448 1890 aiunt
474 1852 662 1891 acerrime
691 1853 880 1891 dilectum
909 1853 1065 1899 habere,
1088 1854 1174 1890 loca
1201 1865 1404 1902 occupare,
1428 1853 1506 1890 vin-

120 1931 158 1962 25
178 1916 254 1954 cire
294 1917 505 1966 praesidiis.
566 1918 602 1955 O
642 1917 838 1967 perditum
879 1919 1095 1955 latronem!
1143 1930 1167 1955 o
1206 1917 1267 1954 vix
1306 1919 1385 1955 ullo
1425 1918 1505 1956 otio

177 1984 515 2032 compensandam
564 1984 666 2021 hanc
715 1983 768 2021 rei
816 1984 999 2033 publicae
1048 1983 1356 2033 turpitudinem!
1427 1985 1505 2021 Sed

177 2048 410 2085 stomachari
439 2047 675 2093 desinamus,
700 2048 866 2098 tempori
894 2062 1110 2098 pareamus,
1134 2062 1224 2086 curn
1254 2047 1444 2097 Pompeio
1466 2048 1503 2085 in

178 2111 414 2161 Hispaniam
445 2126 589 2150 eamus.
652 2114 765 2150 Haec
795 2112 944 2162 optima
974 2113 1013 2150 in
1042 2113 1162 2159 malis
1187 2112 1374 2162 quoniam
1402 2112 1504 2150 illius

223 2225 256 2244 11
286 2216 497 2253 pertulerunt
521 2216 566 2246 C:
593 2216 779 2247 attulerunt
803 2216 844 2246 M
1025 2227 1062 2246 12
1086 2218 1197 2255 quoad
1217 2217 1290 2250 Ber,
1311 2217 1501 2247 NHOPsI:

175 2259 263 2297 quod
281 2258 322 2287 Μ
430 2261 519 2299 turpi
545 2259 652 2289 FNZ:
681 2266 779 2298 turpe
802 2259 843 2288 M
984 2269 1021 2297 13
1047 2260 1170 2289 misero
1193 2260 1275 2289 Ant.
1299 2258 1350 2289 Z:
1379 2260 1503 2289 misere

175 2302 216 2331 Μ
364 2303 400 2331 18
427 2303 475 2333 Ita
505 2308 655 2341 putaram
689 2314 755 2334 om.
784 2302 839 2332 M¹
998 2313 1035 2341 19
1058 2306 1133 2342 post
1158 2303 1327 2340 acceperit
1364 2301 1499 2333 addend.

175 2346 264 2383 perit
287 2350 385 2384 putat
417 2346 551 2384 Tyrrell:
570 2347 651 2385 soff.
681 2347 815 2377 addend.
847 2346 963 2376 consul
992 2347 1056 2375 erit
1190 2356 1230 2384 24
1257 2346 1384 2375 vincire
1413 2345 1498 2375 Crat.

175 2388 299 2417 Muller
311 2389 376 2419 coll.
400 2389 475 2429 Leg.
492 2389 577 2429 Agr.
600 2391 630 2420 ii.
653 2392 714 2419 86:
744 2390 864 2419 vinciri
892 2390 946 2419 M:
982 2390 1111 2419 munire
1144 2387 1329 2418 Gronovius
1461 2390 1502 2418 28

174 2431 298 2470 optima
322 2432 475 2472 Lipsius:
508 2438 587 2471 opto
613 2432 671 2462 M:
700 2434 791 2472 optio
813 2434 989 2463 Gruterus:
1007 2434 1086 2471 sort.
1107 2438 1188 2471 opto
1208 2438 1241 2462 ut
