1773 2651
592 157 702 193 EPP.
737 156 813 192 AD
844 155 1105 193 ATTICVM
1446 154 1522 190 ΙΙΙ.
1541 152 1604 188 vii

175 276 282 318 grata
316 277 373 306 est
404 276 441 306 et
472 267 634 306 minime
665 281 775 305 nova.
839 269 952 305 Esset
983 265 1192 304 consilium
1224 265 1318 303 mihi
1347 264 1508 315 quidem

176 341 365 383 optatum,
390 333 421 371 si
450 332 583 371 liceret
611 332 664 371 ibi
690 346 808 371 omne
836 340 991 381 tempus
1021 345 1279 377 consumere3
1309 330 1375 369 odi
1403 330 1508 368 enim

175 398 454 444 celebritatem,
487 397 594 447 fugio
633 397 824 443 homines,
862 398 990 434 lucem
1026 396 1199 446 aspicere
1232 395 1293 433 vix
1332 409 1505 445 possum,

175 471 276 502 esset
308 462 404 500 mihi
434 462 506 500 ista
540 461 724 508 solitudo,
755 461 982 512 praesertim
1017 469 1095 498 tam
1127 460 1304 498 familiari
1336 460 1374 497 in
1407 461 1506 506 loco,

138 544 154 574 5
175 543 255 567 non
289 542 443 569 amara:
484 529 554 566 sed
589 527 736 565 itineris
766 541 884 565 causa
914 535 954 564 ut
985 528 1213 572 deverterer‚
1249 525 1416 575 primum
1452 532 1510 562 est

174 593 344 638 devium,
381 592 526 631 deinde
560 593 610 630 ab
643 591 838 630 Autronio
873 600 910 629 et
942 591 1079 629 ceteris
1110 589 1331 640 quadridui,
1365 589 1510 628 deinde

175 657 258 695 sine
280 666 327 695 te.
389 659 492 695 Nam
515 659 718 695 castellum
742 656 938 694 munitum
963 655 1153 694 habitanti
1177 654 1273 692 mihi
1294 655 1508 704 prodesset,

175 722 391 760 transeunti
413 736 493 760 non
515 730 573 760 est
596 722 870 760 necessarium.
922 722 1044 769 Quod
1066 721 1097 758 si
1117 721 1315 766 auderem,
1335 720 1511 757 Athenas

175 796 358 838 peterem.
421 790 522 826 Sane
563 787 615 825 ita
657 788 824 825 cadebat
864 795 906 824 ut
945 788 1096 824 vellem.
1157 787 1276 823 Nunc
1314 794 1352 823 et
1392 784 1511 823 nostri

117 867 155 888 ιο
176 853 307 890 hostes
330 852 382 890 ibi
412 860 503 890 sunt
527 859 565 890 et
597 859 634 890 te
666 865 747 889 non
775 852 967 889 habemus
996 859 1033 889 et
1054 864 1232 889 veremur
1261 863 1310 888 ne
1330 849 1513 899 interpre-

175 924 305 955 tentur
333 916 431 955 illud
453 930 612 966 quoque
635 916 826 966 oppidum
849 916 899 953 ab
922 915 1035 953 Italia
1057 929 1137 954 non
1159 914 1250 953 satis
1274 915 1412 952 abesse
1439 927 1512 952 nec

175 982 310 1021 scribis
333 995 451 1032 quam
473 984 523 1020 ad
545 982 651 1021 diem
673 990 710 1020 te
732 989 1014 1032 exspectemus.

229 1049 351 1096 Quod
379 1061 442 1086 me
471 1049 522 1086 ad
553 1048 672 1085 vitam
702 1060 830 1093 vocas,
861 1060 984 1084 unum
1015 1046 1134 1084 efficis
1162 1054 1204 1084 ut
1231 1059 1253 1084 a
1280 1059 1343 1084 me
1371 1058 1509 1083 manus
1530 1050 1553 1078 2

174 1113 406 1160 abstineam,
444 1115 610 1152 alterum
646 1126 727 1151 non
766 1120 879 1162 potes
913 1120 955 1150 ut
991 1125 1053 1150 me
1093 1125 1173 1150 non
1215 1110 1336 1149 nostri
1372 1110 1510 1149 consili

118 1193 153 1223 15
175 1179 355 1228 vitaeque
376 1178 583 1228 paeniteat.
644 1178 753 1227 Quid
775 1177 880 1216 enim
902 1185 959 1216 est
987 1178 1096 1227 quod
1124 1190 1186 1215 me
1208 1176 1381 1222 retineat,
1406 1190 1511 1226 prae-

175 1243 306 1282 sertim
336 1243 366 1281 si
392 1257 481 1294 spes
508 1257 554 1282 ea
574 1257 655 1281 non
685 1251 743 1281 est
771 1256 872 1293 quae
893 1256 964 1281 nos
990 1241 1274 1292 proficiscentis
1303 1255 1510 1291 proseque-

175 1310 319 1347 batur?
377 1310 469 1347 Non
498 1308 639 1347 faciam
666 1316 709 1346 ut
735 1321 963 1346 enumerem
995 1307 1168 1345 miserias
1196 1306 1324 1344 omnis
1353 1306 1391 1343 in
1414 1319 1511 1356 quas

177 1373 297 1412 incidi
318 1388 386 1424 per
407 1388 603 1412 summam
631 1373 812 1411 iniuriam
834 1380 872 1411 et
902 1374 1029 1411 scelus
1050 1386 1130 1410 non
1153 1380 1231 1410 tam
1260 1371 1510 1409 inimicorum

178 1453 355 1478 meorum
377 1454 496 1489 quam
522 1439 757 1485 invidorum,
781 1452 831 1476 ne
858 1446 895 1476 et
920 1451 1053 1476 meum
1081 1450 1297 1475 maerorem
1319 1436 1509 1486 exagitem

120 1519 159 1541 20
178 1512 216 1543 et
236 1512 274 1543 te
295 1504 335 1542 in
356 1506 528 1543 eundem
550 1506 700 1542 luctum
721 1517 884 1551 vocem,
914 1504 990 1541 hoc
1010 1503 1186 1547 adfirmo,
1206 1501 1405 1540 nerninem
1428 1515 1510 1539 um-

178 1584 296 1620 quam
318 1579 426 1609 tanta
446 1570 668 1609 calamitate
689 1583 774 1608 esse
794 1570 1006 1615 adfectum,
1030 1567 1178 1606 nemini
1199 1574 1365 1606 mortem
1387 1566 1510 1617 magis

176 1638 391 1686 optandam
424 1637 552 1675 fuisse.
614 1636 769 1685 Quoius
809 1635 1058 1685 oppetendae
1092 1641 1247 1683 tempus
1287 1631 1510 1670 honestissi-

176 1716 285 1740 mum
306 1703 623 1753 praetermissum
651 1711 709 1741 est
725 1717 734 1749 3
764 1701 913 1750 reliqua
940 1708 1118 1750 tempora
1145 1706 1234 1736 sunt
1255 1711 1336 1737 non
1357 1705 1437 1735 tarn
1457 1699 1508 1736 ad

176 1768 413 1807 medicinam
436 1783 554 1819 quam
575 1770 626 1807 ad
648 1770 768 1806 finem
789 1766 946 1805 doloris.

119 1843 156 1874 25
231 1836 293 1872 De
319 1848 359 1873 re
389 1835 548 1885 publica
577 1834 693 1872 video
723 1841 760 1871 te
791 1832 986 1881 conligere
1016 1830 1149 1869 omnia
1179 1843 1279 1880 quae
1306 1836 1420 1879 putes
1444 1828 1509 1867 ali-
1527 1835 1552 1873 3

176 1912 294 1947 quam
316 1913 426 1949 spem
450 1899 544 1937 mihi
570 1913 685 1949 posse
710 1899 860 1936 adferre
887 1897 1165 1934 mutandarum
1195 1909 1334 1933 rerum.
1395 1897 1508 1944 Quae

176 1977 416 2014 quamquam
434 1965 571 2014 exigua
588 1972 689 2010 sunt,
706 1972 848 2007 tamen,
865 1961 1053 2012 quoniam
1070 1963 1208 2011 placet,
1225 1967 1507 2010 exspectemus.

177 2030 239 2066 Tu
274 2030 397 2069 nihilo
433 2031 562 2068 minus
595 2030 625 2068 si
656 2029 873 2079 properaris
905 2042 977 2066 nos
1013 2039 1279 2076 consequere,
1322 2040 1413 2064 nam
1443 2033 1510 2064 aut

176 2096 412 2133 accedemus
444 2096 483 2133 in
517 2095 680 2145 Epirum
719 2102 787 2132 aut
822 2095 930 2132 tarde
969 2107 1037 2142 per
1070 2091 1313 2131 Candaviam
1353 2090 1507 2129 ibimus.

118 2169 158 2200 30
180 2160 480 2199 Dubitationem
520 2168 651 2198 autem
692 2161 741 2197 de
782 2159 903 2208 Epiro
943 2172 1023 2196 non
1070 2156 1335 2196 inconstantia
1379 2164 1512 2195 nostra

177 2226 379 2264 adferebat
424 2226 493 2264 sed
536 2225 645 2274 quod
687 2225 737 2262 de
776 2225 890 2261 fratre
929 2223 996 2261 ubi
1043 2236 1133 2260 eum
1173 2221 1289 2259 visuri
1335 2234 1510 2260 essemus

224 2339 238 2359 1
267 2329 367 2359 Esset
378 2328 597 2360 Benlz'volius:
624 2328 683 2358 sed
701 2327 788 2358 codd.
979 2336 1029 2366 23,
1051 2337 1090 2365 24
1116 2331 1183 2357 tam
1203 2351 1210 2357 .
1227 2350 1234 2357 .
1256 2350 1262 2357 .
1283 2337 1383 2365 quam
1400 2325 1508 2356 EMs:

177 2373 241 2403 iam
259 2396 265 2403 .
286 2397 293 2403 .
316 2398 322 2403 .
342 2373 403 2403 sed
418 2367 483 2403 Zb:
521 2377 586 2402 tam
605 2395 611 2401 .
634 2395 640 2402 .
662 2395 668 2401 .
690 2371 750 2401 sed
777 2370 915 2401 NHOP
927 2382 955 2401 v.
968 2382 990 2401 c.
1108 2381 1149 2409 29
1173 2371 1374 2401 accedemus
1385 2369 1509 2400 EM²sz

177 2416 376 2447 accedamus
394 2415 589 2446 M¹NHOP

1382 2480 1421 2509 6*
