1773 2651
703 529 875 566 LIBER
906 529 1168 577 QVARTVS

693 634 796 680 AD
849 633 1185 680 ATTICVM

312 745 336 781 Ῑ
571 748 639 779 Ser.
660 748 790 779 Romae
807 749 888 780 med.
909 761 954 781 ιιι.
972 749 1059 789 Sept.
1081 760 1111 780 a.
1134 750 1196 789 697
1215 751 1299 790 (57).

689 826 863 857 CICERO
889 827 1060 858 ATTICO
1088 827 1183 858 SAL.

232 918 249 945 1
323 904 418 942 CVM
441 903 609 953 primum
633 906 804 942 Romam
826 905 914 942 veni
936 905 1087 954 fuitque
1112 905 1173 943 cui
1195 914 1298 943 recte
1325 906 1375 943 ad
1397 913 1433 943 te
1455 905 1598 943 litteras

267 969 415 1015 darem,
449 969 546 1006 nihil
578 969 683 1019 prius
722 969 948 1008 faciendum
989 970 1085 1007 mihi
1119 970 1251 1020 putavi
1291 984 1408 1020 quam
1448 978 1490 1007 ut
1529 970 1599 1007 tibi

267 1033 419 1071 absenti
452 1035 502 1071 de
538 1033 663 1072 reditu
699 1042 832 1072 nostro
866 1036 1086 1084 gratularer.
1147 1036 1371 1084 Cognoram
1407 1034 1525 1079 enim,
1558 1042 1635 1083 ut5

267 1111 355 1136 vere
377 1098 559 1142 scribam,
581 1107 618 1137 te
646 1099 685 1136 in
711 1099 884 1138 consiliis
913 1099 1007 1137 mihi
1033 1101 1174 1138 dandis
1200 1113 1273 1138 nec
1300 1099 1498 1137 fortiorem
1526 1113 1598 1137 nec

266 1164 561 1213 prudentiorem
583 1178 702 1214 quam
725 1178 787 1203 me
804 1165 932 1215 ipsum
955 1179 1027 1203 nec
1049 1165 1166 1203 etiam
1188 1178 1258 1215 pro
1286 1164 1491 1215 praeterita
1512 1178 1599 1202 mea

267 1228 306 1266 in
329 1236 365 1267 te
387 1230 635 1268 observantia
656 1230 821 1268 nimium
840 1230 878 1268 in
896 1230 1076 1269 custodia
1092 1230 1225 1268 salutis
1243 1244 1354 1268 meae
1370 1230 1597 1279 diligentem

267 1296 519 1344 eundemque
559 1303 606 1341 te,
642 1295 709 1344 qui
744 1295 877 1345 primis
914 1296 1156 1346 temporibus
1196 1296 1332 1334 erroris
1372 1295 1492 1333 nostri
1531 1304 1597 1333 aut

267 1359 397 1409 potius
425 1360 562 1398 furoris
593 1361 787 1411 particeps
815 1369 852 1400 et
880 1362 964 1400 falsi
990 1362 1139 1400 timoris
1167 1361 1296 1400 socius
1324 1361 1472 1407 fuisses,
1496 1375 1598 1399 acer·
1621 1378 1658 1401 10

269 1425 427 1463 bissime
466 1425 677 1464 discidium
718 1435 895 1465 nostrum
935 1427 1069 1466 tulisse
1112 1427 1404 1477 plurimumque
1443 1440 1595 1476 operae,

267 1490 385 1537 studi,
415 1490 654 1540 diligentiae,
684 1492 827 1530 laboris
857 1494 908 1531 ad
938 1492 1232 1531 conficiendum
1262 1492 1430 1530 reditum
1464 1505 1597 1530 meum

224 1567 247 1594 2
267 1555 490 1594 contulisse.
553 1558 692 1606 Itaque
723 1558 798 1595 hoc
829 1556 899 1595 tibi
929 1571 1017 1596 vere
1046 1559 1223 1603 adfirmo,
1254 1557 1292 1594 in
1325 1556 1494 1594 maxima
1524 1558 1598 1594 lae-

266 1620 348 1658 titia
380 1628 417 1658 et
449 1621 741 1671 exoptatissima
772 1622 1031 1672 gratulatione
1066 1636 1188 1660 unum
1227 1623 1277 1660 ad
1312 1623 1596 1660 cumulandum

264 1685 452 1734 gaudium
492 1694 750 1736 conspectum
789 1695 855 1725 aut
895 1687 1025 1737 potius
1065 1689 1315 1737 complexum
1355 1686 1450 1724 mihi
1485 1694 1596 1724 tuum
1620 1702 1655 1732 15

265 1750 446 1788 defuisse.
507 1752 638 1799 Quem
666 1753 787 1790 semel
810 1759 948 1790 nactus
970 1752 1000 1790 si
1026 1766 1214 1802 umquam
1246 1751 1432 1790 dimisero
1456 1765 1502 1789 ac
1522 1751 1594 1788 nisi

264 1815 382 1853 etiam
399 1815 692 1864 praetermissos
709 1817 856 1854 fructus
873 1824 962 1854 tuae
978 1817 1178 1855 suavitatis
1199 1816 1393 1867 praeteriti
1410 1816 1596 1866 temporis

264 1879 392 1918 omnis
423 1893 597 1929 exegero,
621 1882 797 1930 profecto
828 1883 901 1919 hac
932 1882 1177 1920 restitutione
1208 1883 1386 1919 fortunae
1419 1894 1481 1918 me
1513 1880 1596 1930 ipse

265 1957 346 1982 non
367 1944 458 1982 satis
480 1944 643 1994 dignum
665 1945 860 1983 iudicabo.

223 2021 247 2058 3
322 2011 406 2047 Nos
439 2010 581 2056 adhuc,
614 2009 652 2046 in
688 2019 821 2048 nostro
857 2018 959 2048 statu
992 2012 1100 2060 quod
1133 2010 1360 2049 difficillime
1392 2009 1594 2060 reciperari
1617 2027 1655 2048 20

267 2087 382 2123 posse
405 2073 579 2111 arbitrati
607 2088 756 2121 sumus,
778 2077 1028 2125 splendorem
1058 2084 1234 2113 nostrum
1263 2075 1369 2112 illum
1400 2077 1593 2113 forensem

265 2147 302 2177 et
324 2139 362 2176 in
383 2147 521 2177 senatu
542 2140 815 2178 auctoritatem
837 2148 875 2178 et
895 2142 1001 2190 apud
1022 2140 1124 2178 viros
1141 2142 1268 2179 bonos
1289 2140 1450 2190 gratiam
1473 2140 1595 2189 magis

310 2253 325 2281 7
353 2254 413 2273 nec
431 2241 531 2274 MZl:
557 2254 609 2274 me
627 2243 806 2283 Hosmann
895 2255 957 2283 pro
976 2245 1157 2283 praeterita
1181 2255 1252 2274 mea
1274 2245 1304 2274 in
1328 2249 1359 2274 te
1382 2245 1595 2275 observantia

263 2286 409 2316 Rosius:
448 2294 586 2326 propter
619 2288 681 2321 (vel
707 2292 887 2326 propterea
900 2297 904 2316 ἰ
935 2299 1042 2318 meam
1070 2290 1102 2318 in
1136 2292 1168 2318 te
1201 2289 1448 2318 observantiam
1481 2287 1593 2318 codd.:

264 2335 406 2368 propter
423 2340 529 2360 meam
548 2331 580 2360 in
599 2338 632 2360 te
649 2331 932 2361 inobservantiam
945 2330 1085 2369 Madvfig
1197 2342 1234 2361 10
1260 2332 1370 2370 potius
1387 2331 1595 2372 Stephanus:

264 2373 368 2403 totius
390 2372 477 2403 codd.
634 2374 762 2404 timoris
788 2374 890 2404 Pius:
915 2375 1016 2404 moris
1042 2374 1072 2403 Z
1088 2377 1134 2405 U:
1162 2375 1304 2404 rumoris
1331 2373 1372 2403 M
1505 2376 1543 2404 16
1566 2374 1593 2404 si

266 2426 411 2454 unquam
430 2417 618 2449 Mentsnerz
645 2423 714 2447 tum
732 2428 831 2456 quam
851 2418 925 2449 M¹z
953 2428 1122 2456 nunquam
1142 2417 1281 2447 M—'sON
1295 2417 1399 2447 Bardi
