1773 2651
139 149 248 186 VI.i
622 151 676 187 M.
711 150 878 186 TVLLI
912 149 1219 188 CICERONIS

252 273 332 298 non
363 260 528 300 libenter
554 260 660 299 videt
690 262 760 299 sed
788 261 909 298 modo
936 267 1148 306 suscenset,
1180 261 1301 298 modo
1327 259 1467 309 gratias
1493 259 1581 309 agit.

253 325 362 363 Nihil
395 325 500 364 enim
535 340 557 364 a
591 339 654 364 me
689 327 731 363 fit
763 339 853 363 cum
886 327 963 362 ulla
998 325 1098 362 illius
1131 325 1397 372 contumelia,
1431 333 1583 363 tantum

252 393 374 430 modo
395 391 676 430 dissimilitudo
698 405 808 429 meae
833 390 993 429 rationis
1015 391 1179 428 offendit
1200 391 1414 429 hominem.
1475 390 1584 439 Quid

252 456 358 495 enim
392 464 521 507 potest
555 470 640 494 esse
675 464 753 494 tam
794 455 983 494 dissimile
1017 469 1136 504 quam
1175 455 1242 493 illo
1276 455 1492 505 imperante
1526 469 1586 493 ex-

252 523 432 561 haustam
461 536 545 561 esse
575 522 798 572 sumptibus
829 530 866 560 et
894 521 1050 560 iacturis
1076 521 1333 572 provinciam,
1356 521 1470 560 nobis
1498 534 1585 559 eam
1607 533 1623 564 5

253 588 525 627 obtinentibus
552 602 760 625 nummum
789 589 940 625 nullum
966 601 1050 626 esse
1077 595 1278 637 erogatum
1307 601 1379 625 nec
1406 586 1586 636 privatim

254 667 326 692 nec
358 653 545 704 publice?
594 653 702 702 Quid
735 653 864 691 dicam
897 655 947 691 de
981 653 1082 691 illius
1114 652 1329 703 praefectis,
1363 651 1587 698 comitibus,

254 719 389 769 legatis
420 719 567 757 etiam?
605 720 655 757 de
686 719 843 769 rapinis,
870 720 919 757 de
954 718 1198 766 libidinibus,
1225 720 1275 757 de
1310 717 1588 757 contumeliis?

256 786 375 823 Nunc
408 792 540 822 autem
575 786 717 823 domus
754 799 816 822 me
851 785 1008 822 hercule
1043 785 1150 821 nulla
1183 791 1292 821 tanto
1324 783 1489 822 consilio
1520 790 1587 821 aut

255 857 364 888 tanta
401 850 609 900 disciplina
647 851 885 900 gubernatur
923 857 989 887 aut
1029 857 1108 887 tam
1153 850 1331 887 modesta
1373 856 1429 886 est
1468 861 1586 898 quam
1610 862 1649 884 10

256 923 389 954 nostra
413 923 494 953 tota
514 915 725 965 provincia.
788 917 902 953 Haec
930 928 1010 953 non
1038 914 1134 952 nulli
1161 913 1277 952 amici
1299 913 1404 964 Appi
1426 913 1588 952 ridicule

257 980 559 1032 interpretantur
590 981 656 1030 qui
689 995 750 1019 me
786 980 932 1019 idcirco
962 987 1101 1030 putent
1128 980 1230 1017 bene
1260 979 1395 1017 audire
1422 980 1520 1017 velle
1548 986 1589 1016 ut

258 1046 320 1085 ille
348 1048 450 1084 male
477 1046 621 1092 audiat,
646 1054 683 1085 et
708 1054 812 1084 recte
840 1047 1074 1099 facerenon
1102 1059 1212 1083 meae
1240 1045 1366 1083 laudis
1392 1045 1461 1083 sed
1488 1044 1590 1082 illius

257 1111 520 1151 contumeliae
551 1125 678 1150 causa.
738 1111 806 1150 Sin
831 1111 998 1162 Appius,
1023 1118 1064 1149 ut
1096 1110 1204 1148 Bruti
1235 1110 1383 1149 litterae
1413 1123 1510 1160 quas
1539 1110 1589 1147 ad

258 1186 295 1216 te
326 1177 429 1215 misit
457 1177 740 1227 significabant,
770 1177 911 1226 gratias
938 1176 1053 1215 nobis
1080 1176 1158 1226 agit
1190 1189 1270 1213 non
1300 1177 1464 1214 moleste
1495 1177 1586 1221 fero,
1613 1192 1650 1224 15

258 1245 327 1282 sed
362 1251 494 1281 tamen
527 1256 574 1281 eo
609 1242 695 1292 ipso
729 1242 794 1281 die
826 1256 906 1292 quo
941 1244 1037 1280 haec
1071 1250 1162 1280 ante
1196 1243 1324 1280 lucem
1357 1241 1589 1287 scribebam,

259 1309 481 1359 cogitabam
510 1308 592 1346 eius
621 1310 744 1346 multa
770 1308 904 1358 inique
929 1307 1142 1346 constituta
1167 1314 1205 1345 et
1230 1314 1318 1344 acta
1344 1308 1489 1345 tollere.

218 1382 242 1419 3
315 1376 434 1413 Nunc
456 1373 571 1412 venio
592 1375 642 1412 ad
666 1376 830 1411 Brutum
856 1387 974 1423 quem
999 1386 1072 1423 ego
1093 1371 1202 1411 omni
1224 1371 1355 1410 studio
1377 1379 1413 1410 te
1434 1379 1593 1410 auctore

260 1453 346 1478 sum
369 1441 608 1489 complexus,
632 1452 750 1489 quem
772 1438 890 1477 etiam
914 1452 1045 1476 amare
1066 1451 1273 1488 coeperam
1290 1452 1298 1485 3
1328 1438 1398 1475 sed
1419 1436 1509 1475 ilico
1531 1450 1593 1474 me

259 1504 447 1551 revocavi,
465 1519 514 1542 ne
536 1512 572 1542 te
594 1505 845 1543 offenderem.
898 1502 991 1541 Noli
1012 1502 1117 1541 enim
1140 1510 1275 1552 putare
1297 1516 1359 1541 me
1380 1502 1592 1551 quicquam
1615 1516 1655 1538 20

258 1571 442 1608 maluisse
476 1584 595 1620 quam
631 1578 672 1608 ut
703 1569 898 1608 mandatis
933 1568 1025 1606 satis
1061 1570 1229 1607 facerem
1264 1581 1336 1606 nec
1367 1569 1445 1605 ulla
1475 1569 1524 1605 de
1555 1581 1594 1605 re

258 1638 345 1687 plus
378 1636 585 1674 laborasse.
652 1636 934 1673 litandatorum
967 1642 1098 1672 autem
1135 1633 1231 1671 mihi
1263 1633 1439 1671 libellum
1471 1632 1592 1678 dedit,

259 1701 464 1751 isdemque
489 1702 540 1739 de
564 1701 680 1739 rebus
706 1707 746 1737 tu
769 1713 923 1738 mecum
953 1713 1095 1750 egeras.
1157 1698 1303 1738 Omnia
1327 1711 1413 1736 sum
1435 1697 1595 1747 diligen-

259 1766 407 1804 tissime
428 1773 666 1816 persecutus.
722 1764 897 1802 Primum
918 1765 968 1803 ab
986 1765 1248 1803 Ariobarzane
1269 1763 1323 1802 sic
1344 1762 1531 1801 contendi
1553 1769 1594 1800 ut

260 1833 405 1870 talenta
436 1845 536 1881 quae
571 1830 667 1868 mihi
699 1831 958 1880 pollicebatur
986 1831 1038 1868 illi
1069 1832 1189 1869 daret.
1260 1830 1405 1878 Quoad
1437 1842 1592 1866 mecum
1615 1842 1654 1874 25

260 1911 324 1935 rex
351 1896 433 1943 suit,
456 1897 634 1946 perbono
662 1898 750 1935 loco
779 1910 838 1935 res
864 1904 968 1943 erat,
999 1904 1088 1947 post
1111 1910 1134 1934 a
1156 1895 1320 1944 Pompei
1341 1892 1595 1944 procuratori-

260 1964 333 2001 bus
366 1961 552 2000 sescentis
584 1962 708 2012 premi
743 1970 907 2013 coeptus
938 1970 1005 2001 est.
1067 1961 1280 2011 Pompeius
1311 1967 1442 1998 autem
1473 1972 1595 2008 quom

261 2028 313 2066 ob
340 2035 488 2066 ceteras
515 2040 652 2066 causas
674 2030 761 2078 plus
783 2035 911 2078 potest
934 2041 1034 2065 unus
1056 2040 1174 2077 quarn
1200 2024 1317 2064 ceteri
1338 2038 1487 2069 omnes,
1511 2031 1594 2061 tum

261 2094 369 2143 quod
386 2100 542 2142 putatur
562 2094 613 2131 ad
638 2094 782 2132 bellum
802 2093 1026 2131 Parthicum
1049 2105 1133 2130 esse
1150 2097 1345 2129 venturus.
1399 2088 1445 2126 Ei
1463 2096 1594 2126 tamen

261 2158 316 2196 sic
333 2172 438 2196 nunc
459 2158 630 2204 solvitur,
653 2158 850 2197 tricesimo
871 2171 1030 2208 quoque
1051 2156 1115 2196 die
1136 2158 1281 2194 talenta
1302 2154 1434 2192 Attica
1453 2165 1592 2191 XXX111
1614 2168 1655 2198 30

306 2264 326 2293 8
350 2264 471 2303 legatis
492 2264 613 2293 etiam?
640 2263 680 2292 dc
707 2262 915 2302 lVesenberg:
951 2261 1094 2300 legatis?
1120 2262 1222 2291 etiam
1247 2260 1287 2289 de
1309 2258 1424 2288 Baiter
1556 2267 1594 2295 19

262 2307 338 2338 ilico
356 2318 372 2337 s
389 2307 558 2338 Faernus:
585 2307 661 2337 dico
679 2306 735 2336 M:
762 2307 887 2336 idcirco
903 2305 1022 2335 Kalmt
1036 2316 1042 2334 :
1058 2305 1140 2344 sort.
1160 2305 1200 2334 de
1218 2314 1258 2333 eo
1406 2312 1456 2340 19,
1473 2312 1514 2332 20
1540 2311 1593 2330 me

264 2351 418 2381 revocavi
437 2354 479 2381 2:
508 2349 661 2379 revocavi
691 2359 743 2378 me
770 2352 798 2377 Δ
910 2357 947 2377 21
976 2348 1143 2378 mandatis
1160 2347 1241 2377 satis
1260 2347 1406 2376 facerem
1424 2345 1500 2374 M2:
1525 2355 1590 2374 om.

263 2395 345 2424 satis
371 2393 422 2423 Ml
442 2404 448 2423 :
475 2393 648 2423 mandarat
666 2392 704 2428 is,
724 2391 833 2421 facere
850 2390 980 2421 Ernesti
1110 2400 1150 2430 24
1175 2390 1226 2431 ut]
1253 2394 1287 2420 ut
1304 2400 1365 2420 sex
1385 2388 1493 2429 (ενι)
1512 2387 1588 2418 com'.

271 2436 407 2476 Zyrrcll:
423 2437 503 2476 sort.
524 2440 560 2466 ut
577 2440 712 2466 centum
728 2435 766 2474 cf.
786 2444 816 2473 3.
837 2443 856 2474 5
