1773 2651
573 161 684 196 EPP.
717 161 794 196 AD
825 160 1085 199 ATTICVM
1395 161 1472 198 III.
1495 160 1525 196 ii

153 270 361 309 consilium
402 269 520 308 totius
559 270 612 308 rei
652 270 862 320 capiemus.
924 272 1004 308 Iter
1034 284 1119 308 esse
1154 272 1364 309 molestum
1399 270 1481 309 scio

152 340 222 377 sed
253 346 334 377 tota
363 337 564 376 calamitas
594 337 723 375 omnis
755 337 952 376 molestias
980 338 1109 376 habet.
1171 339 1286 376 Plura
1313 338 1481 377 scribere

151 417 231 441 non
253 417 439 453 possum3
469 402 521 440 ita
548 416 634 440 sum
663 402 796 441 animo
824 404 1003 453 perculso
1024 410 1062 441 et
1086 402 1253 442 abiecto.
1314 405 1418 443 Cura
1439 411 1480 442 ut

152 470 291 507 valeas.
354 470 456 506 Data
478 480 516 505 V1
541 469 637 506 Idus
659 467 803 518 Aprilis
826 468 997 507 Naribus
1019 470 1112 507 Luc.

114 594 128 609 ’ἱ
193 582 266 616 III
421 585 494 616 Scr.
513 585 547 616 in
565 586 671 616 {linere
687 586 752 616 circ.
774 585 859 616 Non.
876 585 961 626 Apr.
982 596 1011 616 a.
1034 586 1097 625 696
1117 586 1204 625 (58).

570 662 745 693 CICERO
769 662 941 693 ATTICO
967 662 1065 693 SAL.

203 740 363 778 Vtinam
380 740 489 778 illum
507 740 613 779 diem
627 740 781 778 videam
804 753 895 777 cum
912 739 982 778 tibi
998 753 1110 789 agam
1127 739 1268 789 gratias
1289 742 1397 790 quod
1415 754 1478 780 me

149 804 275 843 vivere
299 805 483 855 coegisti!
515 807 646 843 adhuc
676 805 837 855 quidem
862 806 976 843 valde
1001 818 1064 843 me
1091 805 1275 854 paenitet.
1335 807 1412 844 Sed
1441 814 1478 844 te

147 884 216 909 oro
246 878 288 908 ut
319 871 369 908 ad
400 884 463 908 me
494 870 693 909 Vibonem
724 870 854 908 statim
884 871 1017 908 venias
1045 884 1125 920 quo
1157 885 1229 921 ego
1265 871 1396 909 multis
1427 873 1477 910 de

89 951 126 973 ιο
146 935 273 974 causis
313 935 486 974 converti
527 935 598 974 iter
637 950 779 974 meum.
841 937 919 974 Sed
959 949 1006 974 eo
1046 935 1076 973 si
1108 936 1269 982 veneris,
1307 938 1357 975 de
1392 944 1476 976 toto

145 1001 282 1040 itinere
315 1015 360 1039 ac
395 1003 484 1051 fuga
520 1015 606 1040 mea
637 1001 846 1039 consilium
878 1015 1017 1051 capere
1047 1009 1194 1051 potero.
1255 1002 1294 1041 Si
1325 1002 1364 1041 id
1395 1016 1475 1041 non

145 1066 292 1114 feceris,
317 1066 511 1113 miraborg
541 1067 609 1104 sed
631 1067 792 1105 confido
814 1074 850 1104 te
871 1079 956 1104 esse
977 1067 1180 1104 facturum.

188 1174 253 1210 IV
299 1177 367 1209 Ser.
386 1175 419 1206 in
433 1177 540 1207 itinere
561 1177 645 1206 inter
659 1175 814 1206 Vibonem
831 1179 863 1259 <et
881 1175 1101 1259 {fficndisium
1121 1179 1196 1217 post
1212 1181 1256 1217 ep.
1273 1188 1292 1216 5
1317 1177 1365 1209 Id.
1386 1179 1469 1219 Apr.

650 1240 652 1243 -
700 1231 731 1250 a.
750 1222 812 1259 696
849 1222 892 1258 58
910 1243 917 1250 .

85 1299 122 1332 ¹5
557 1297 732 1328 CICERO
758 1296 930 1327 ATTICO
956 1296 1053 1327 SAL.

199 1377 381 1417 Miseriae
403 1384 557 1414 nostrae
578 1374 708 1425 potius
729 1374 845 1412 velim
867 1387 986 1424 quarn
1011 1374 1298 1415 inconstantiae
1325 1377 1472 1418 tribuas

141 1446 249 1496 quod
281 1443 474 1481 aVibone
514 1454 593 1491 quo
626 1448 663 1478 te
702 1440 996 1478 arcessebamus
1035 1440 1166 1479 subito
1205 1441 1468 1482 discessimus.

141 1512 286 1549 Adlata
303 1517 360 1548 est
377 1507 482 1547 enim
502 1505 616 1544 nobis
639 1504 787 1555 rogatio
808 1506 858 1543 de
878 1505 1050 1555 pernicie
1067 1520 1178 1553 mea3
1208 1506 1247 1545 in
1264 1521 1342 1557 qua
1363 1511 1471 1558 quod

141 1584 358 1614 correctum
395 1588 480 1612 esse
516 1571 766 1610 audieramus
798 1578 879 1609 erat
908 1570 991 1609 eius
1023 1571 1132 1610 modi
1166 1579 1208 1610 ut
1243 1572 1339 1611 mihi
1373 1576 1473 1613 ultra

83 1658 119 1679 20
140 1641 354 1692 quingenta
393 1639 500 1678 milia
535 1638 666 1676 liceret
706 1649 800 1681 esse,
836 1635 927 1674 illuc
966 1636 1167 1685 pervenire
1206 1651 1286 1675 non
1326 1638 1468 1678 liceret.

140 1707 278 1745 Statim
300 1708 370 1745 iter
392 1705 646 1745 Brundisium
670 1716 802 1741 versus
830 1702 979 1740 contuli
999 1710 1090 1740 ante
1117 1703 1223 1741 diem
1245 1704 1467 1753 rogationis,

139 1787 189 1811 ne
216 1781 254 1811 et
281 1773 392 1811 Sicca
420 1773 526 1822 apud
552 1785 671 1822 quem
705 1783 809 1808 eram
835 1767 975 1816 periret
1002 1775 1040 1805 et
1067 1769 1175 1816 quod
1197 1768 1360 1807 Melitae
1384 1783 1470 1808 esse

139 1852 219 1876 non
241 1838 392 1877 licebat.
454 1840 490 1876 N
496 1852 573 1876 unc
594 1846 635 1876 tu
662 1850 828 1887 propera
849 1842 891 1872 ut
915 1847 988 1872 nos
1012 1846 1265 1883 consequare,
1288 1834 1320 1872 si
1347 1837 1468 1874 modo

139 1904 380 1954 recipiemur.
441 1905 585 1942 Adhuc
615 1902 825 1940 invitamur
854 1900 1034 1950 benigne,
1058 1900 1127 1937 Sed
1157 1900 1265 1948 quod
1292 1909 1468 1951 superest

81 1983 116 2014 25
139 1969 332 2008 timemus.
394 1971 473 2015 Me,
504 1968 556 2006 mi
578 1967 785 2017 Pomponi,
809 1967 922 2005 valde
950 1964 1122 2015 paenitet
1143 1964 1295 2012 vivere3
1324 1979 1401 2015 qua
1428 1965 1467 2003 in

138 2049 177 2073 re
203 2036 310 2084 apud
337 2049 400 2073 me
427 2043 468 2072 tu
498 2033 710 2084 plurimum
732 2032 896 2070 valuisti.
957 2032 1035 2070 Sed
1061 2031 1158 2069 haec
1185 2043 1328 2068 coram.
1390 2033 1467 2070 Fac

138 2102 259 2139 modo
280 2108 321 2137 ut
342 2100 484 2138 venias.

182 2214 200 2233 2
226 2208 318 2234 tanta
348 2202 536 2243 ll'csrnbcrg
648 2213 666 2239 4
695 2202 837 2232 Naribus
863 2202 942 2232 Luc.
971 2201 1091 2231 Klotz:
1129 2202 1230 2232 Naris
1256 2202 1333 2232 Luc.
1353 2200 1465 2232 codd:

137 2248 178 2277 ad
198 2247 296 2277 Naris
313 2247 389 2277 Luc.
408 2246 492 2276 Boot
581 2247 600 2275 8
622 2246 759 2284 quidem
774 2245 847 2274 M·-':
875 2246 1029 2283 equidem
1048 2245 1135 2276 codd.
1234 2256 1272 2276 10
1293 2245 1362 2276 Sed
1376 2245 1463 2276 codd.

137 2291 173 2329 cf
193 2290 368 2319 Lehmann
386 2292 393 2306 ‘
406 2288 594 2329 Quaest.'p.
615 2298 673 2327 75:
709 2288 839 2318 scilicet
865 2288 1071 2328 [Vesenbetgz
1096 2289 1153 2319 dcl.
1176 2289 1306 2328 Kayser
1428 2299 1466 2328 19

136 2338 326 2364 correctum
345 2333 388 2363 C:
415 2333 603 2363 confectum
622 2331 708 2363 codd.
801 2332 888 2362 ultra
906 2331 957 2361 M¹
974 2343 980 2360 :
1008 2333 1096 2362 intra
1114 2332 1167 2361 M:
1302 2343 1344 2363 20
1368 2333 1464 2371 quin-

135 2382 238 2416 genta
254 2377 339 2406 Boot
353 2377 420 2407 coll.
437 2376 525 2406 Plut.
545 2376 603 2406 Cic.
623 2385 674 2414 32,
697 2375 795 2406 Dion.
812 2375 902 2405 Cass.
920 2376 1058 2405 xxxviii.
1082 2385 1129 2413 17.
1152 2386 1168 2414 7
1184 2387 1190 2406 ε
1216 2377 1465 2415 quadringenta

135 2420 222 2451 codd.
361 2420 438 2451 illuc
454 2419 546 2450 HP:
572 2419 645 2449 illec
662 2418 711 2450 N:
740 2418 816 2449 illoc
835 2418 906 2449 Ml:
935 2418 991 2449 illo
1009 2429 1081 2448 cum
1100 2418 1194 2449 M²s:
1221 2419 1279 2450 illo
1302 2419 1332 2449 O
1351 2420 1435 2450 Boot

179 2492 240 2512 Clc.
261 2491 307 2511 ΑΙ)
325 2491 397 2512 Αττ.
1357 2480 1377 2509 6
