1773 2651
608 155 720 190 EPP.
751 154 830 190 AD
861 153 1120 191 ATTICVM
1491 153 1570 191 V.i

198 266 271 303 Ille
295 265 350 303 sie
377 265 470 303 dies.
533 264 726 303 Postridie
754 279 799 301 cx
822 263 1000 314 Arpinati
1021 264 1186 314 profecti
1211 278 1356 303 sumus.
1416 267 1468 303 Vt
1490 264 1529 303 in

196 332 355 368 Arcano
385 329 558 378 Quintus
587 336 762 366 maneret
793 328 876 366 dies
906 328 1006 374 fecit,
1035 342 1108 378 ego
1132 329 1291 378 Aquini,
1322 331 1391 368 sed
1421 344 1530 380 pran-

196 395 327 433 dimus
351 394 391 432 in
407 396 574 432 Arcano.
636 393 753 431 Nosti
780 395 886 431 hunc
916 395 1094 432 fundum.
1159 395 1252 442 Quo
1277 403 1317 432 ut
1339 394 1527 441 venimus,

197 459 481 497 humanissime
499 458 672 507 Quintus
692 461 700 477 ‘
716 458 938 507 Pomponia
951 460 958 474 '
974 458 1101 508 inquit
1122 462 1183 496 ‘tu
1200 458 1320 496 invita
1337 459 1528 506 mulieres,

160 536 176 566 5
197 538 270 574 ego
285 525 388 562 viros
408 524 609 562 accivero.'
659 523 769 560 Nihil
790 523 929 573 potuit,
948 523 1045 561 mihi
1066 524 1228 573 quidem
1250 532 1291 561 ut
1312 524 1438 562 visum
1460 533 1528 571 est,

197 589 350 627 dulcius
380 589 500 638 idque
530 602 621 626 cum
647 588 774 626 verbis
803 596 886 626 tum
917 588 1035 626 etiam
1065 589 1199 627 animo
1226 603 1272 627 ac
1299 591 1419 627 vultu.
1479 592 1532 627 At

197 653 262 690 illa
289 653 542 691 audientibus
572 652 688 690 nobis
712 654 821 702 ‘Ego
848 652 932 702 ipsa
960 654 1069 690 sum'
1091 653 1216 703 inquit
1241 653 1326 691 ‘hic
1354 654 1533 704 hospita,'

197 717 237 755 id
268 726 401 756 autem
437 732 482 755 ex
516 731 576 763 eo,
608 724 651 754 ut
687 717 838 767 opinor,
871 719 979 767 quod
1018 726 1282 756 antecesserat
1315 718 1457 756 Statius
1491 727 1533 757 ut

197 783 405 833 prandium
441 782 557 821 nobis
589 782 747 820 videret.
809 784 914 819 Tum
946 783 1118 832 Quintus
1151 785 1259 821 ‘En'
1287 783 1413 833 inquit
1437 784 1533 822 mihi

139 864 177 886 10
200 851 208 867 ‘
225 849 321 886 haec
367 862 440 898 ego
487 847 613 898 patior
658 847 828 885 cotidie?
898 847 1016 885 Dices
1059 848 1195 896 ‘Quid
1238 862 1386 898 quaeso
1433 849 1533 888 istuc
1552 858 1579 895 4

197 914 328 952 erat?'
378 915 598 963 Magnum3
632 912 764 962 itaque
798 926 860 950 me
895 913 1024 962 ipsum
1057 922 1349 961 commoverat3
1384 914 1438 952 sic
1469 915 1533 953 ab-

197 980 313 1017 surde
344 986 381 1016 et
411 992 547 1028 aspere
574 977 702 1016 verbis
732 979 923 1027 vultuque
952 979 1218 1028 responderat.
1280 979 1534 1018 Dissimulari

197 1046 347 1083 dolens.
401 1044 686 1082 Discubuimus
707 1057 846 1081 omnes
867 1051 1020 1093 praeter
1040 1043 1160 1091 illam,
1177 1043 1241 1081 cui
1262 1051 1394 1083 tamen
1413 1046 1535 1095 Quin-

198 1118 259 1148 tus
284 1111 333 1148 de
362 1123 497 1147 mensa
527 1109 642 1147 misit.
703 1110 777 1146 Illa
803 1108 946 1147 reiecit.
1008 1109 1116 1157 Quid
1142 1111 1294 1147 multa?
1324 1110 1419 1148 nihil
1445 1126 1535 1150 meo

140 1188 177 1220 15
198 1177 312 1213 fratre
342 1175 481 1219 lenius,
507 1174 603 1212 nihil
634 1174 808 1224 asperius
838 1181 905 1212 tua
936 1187 1069 1212 sorore
1098 1175 1195 1212 mihi
1223 1175 1348 1213 visum
1381 1185 1462 1224 est;
1497 1185 1535 1216 et

199 1243 322 1278 multa
342 1248 543 1291 praetereo
571 1253 672 1290 quae
693 1248 777 1278 tum
803 1239 897 1277 mihi
927 1239 1063 1278 maiori
1089 1242 1296 1279 stomacho
1321 1255 1439 1291 quam
1461 1242 1534 1293 ipsi

200 1305 351 1354 Quinto
379 1307 546 1344 fuerunt.
609 1307 694 1355 Ego
721 1304 815 1343 inde
836 1304 1052 1355 Aquinum.
1115 1305 1288 1354 Quintus
1315 1305 1355 1344 in
1376 1309 1534 1346 Arcano

199 1371 385 1410 remansit
412 1378 451 1409 et
471 1371 677 1421 Aquinum
705 1372 755 1408 ad
786 1384 849 1409 me
876 1370 1064 1421 postridie
1091 1385 1206 1409 mane
1226 1371 1332 1410 venit
1357 1372 1533 1422 mihique

199 1437 367 1476 narravit
387 1451 460 1475 nec
485 1450 620 1475 secum
641 1436 747 1474 illam
769 1436 940 1474 dormire
960 1436 1131 1475 voluisse
1150 1442 1187 1474 et
1203 1450 1294 1475 cum
1315 1437 1535 1476 discessura

140 1517 181 1540 20
200 1510 301 1541 esset
321 1501 440 1540 fuisse
460 1501 544 1540 eius
566 1501 675 1539 modi
695 1502 853 1551 qualem
875 1515 948 1551 ego
968 1501 1164 1539 vidissem.
1223 1501 1330 1550 Quid
1351 1503 1535 1552 quaeris?

199 1569 260 1605 vel
281 1567 355 1618 ipsi
376 1568 453 1605 hoc
472 1566 580 1605 dicas
606 1565 710 1614 licet,
731 1565 1018 1604 humanitatem
1039 1565 1074 1604 ei
1100 1580 1190 1604 meo
1211 1566 1357 1605 iudicio
1382 1567 1449 1606 illo
1469 1568 1534 1608 die

199 1633 380 1671 defuisse.

255 1701 368 1737 Haec
397 1699 448 1736 ad
477 1706 514 1736 te
545 1697 679 1746 scripsi
710 1698 872 1735 fortasse
901 1697 1078 1747 pluribus
1109 1711 1228 1748 quam
1257 1712 1419 1737 necesse
1448 1700 1530 1746 fuit,

200 1773 241 1802 ut
266 1764 417 1802 videres
446 1771 531 1801 tuas
558 1776 718 1812 quoque
746 1776 830 1800 esse
858 1762 975 1812 partis
1006 1763 1236 1801 instituendi
1266 1772 1303 1802 et
1330 1765 1530 1803 monendi.

143 1843 180 1873 25
201 1829 415 1879 Reliquum
449 1836 507 1866 est
539 1836 580 1866 ut
619 1836 710 1866 ante
742 1841 859 1877 quam
895 1828 1142 1877 proficiscare
1177 1831 1363 1867 mandata
1401 1838 1577 1880 nostra5

201 1893 413 1941 exhaurias,
439 1894 585 1932 scribas
612 1894 663 1931 ad
692 1907 753 1931 me
779 1893 922 1939 omnia,
948 1893 1204 1943 Pomptinum
1226 1896 1417 1940 extrudas‚
1441 1909 1533 1933 cum

201 1961 397 2010 profectus
423 1958 496 1997 eris
518 1972 628 1997 cures
650 1966 691 1995 ut
713 1958 848 2003 sciam,
869 1957 924 1995 sic
945 1958 1091 1996 habeas
1112 1958 1209 1996 nihil
1231 1973 1294 1997 me
1319 1960 1475 1998 hercule
1496 1968 1534 1999 te

202 2024 297 2062 mihi
314 2038 386 2062 nec
403 2023 528 2062 carius
545 2037 629 2062 esse
647 2037 720 2061 nec
736 2022 902 2060 suavius.
945 2025 991 2060 A.
1004 2024 1250 2073 Torquatum
1266 2024 1534 2064 amantissime

201 2089 332 2128 dimisi
358 2088 595 2135 Menturnis,
616 2088 809 2138 optimum
836 2087 985 2135 virum3
1015 2088 1078 2126 cui
1107 2102 1169 2126 me
1196 2090 1246 2127 ad
1273 2097 1310 2127 te
1336 2089 1534 2139 scripsisse

141 2169 184 2200 30
201 2154 350 2204 aliquid
370 2154 410 2191 in
431 2167 611 2192 sermone
632 2152 825 2202 significes
846 2152 974 2191 velim.

250 2269 263 2288 1
290 2258 344 2287 ille
370 2258 418 2288 sic
444 2258 516 2287 dies
540 2256 680 2287 CEOP:
715 2256 770 2286 ille
795 2257 841 2287 sic
863 2257 916 2286 die
940 2255 1049 2286 M¹N:
1076 2257 1133 2287 illo
1155 2258 1202 2288 sic
1226 2259 1280 2288 die
1304 2257 1358 2287 M‘
1513 2272 1533 2300 4

204 2302 443 2331 humanissime
461 2311 527 2331 om.
548 2300 598 2329 Ml
770 2310 788 2339 5
813 2301 906 2330 viros
922 2300 1076 2330 accivero
1095 2301 1184 2341 vulg.
1204 2313 1210 2331 τ
1237 2302 1390 2332 ascivero
1408 2313 1534 2342 pueros

203 2345 280 2375 M¹t
305 2354 386 2374 vero
403 2344 555 2374 ascivero
571 2353 697 2382 pueros
715 2342 770 2372 M2
786 2355 792 2374 ;
817 2343 908 2373 viros
924 2344 1076 2373 arcivero
1093 2343 1212 2376 Lamb.
1418 2358 1434 2386 7
1459 2348 1533 2387 ipsa

204 2392 267 2418 Es:
291 2398 356 2418 om.
378 2387 418 2417 M
566 2397 605 2425 19
630 2392 664 2417 et
681 2386 754 2417 add.
775 2391 845 2418 vett.
1002 2397 1043 2425 29
1069 2387 1261 2418 Menturnis
1286 2388 1373 2420 codd.
1398 2391 1439 2429 cf.
1461 2392 1530 2423 xvi.

207 2442 255 2462 10.
279 2441 304 2467 1,
324 2431 419 2461 Fam.
438 2431 507 2463 xiv.
531 2440 578 2468 14.
596 2440 615 2459 2
630 2440 636 2458 :
665 2429 850 2460 Minturnis
867 2430 956 2470 vulg.
1006 2429 1085 2461 Post
1100 2431 1276 2470 scripsisse
1293 2432 1368 2464 add.
1390 2434 1431 2464 de
1448 2445 1486 2466 se
1503 2435 1532 2466 L

207 2475 348 2516 (marg.)
