1732 2661
608 191 719 228 EPP.
752 192 829 227 AD
861 188 1120 228 ATTICVM
1475 184 1641 221 ILXXV

245 295 373 331 XXV
420 298 488 331 Scr.
510 299 640 330 Romae
656 303 731 330 ante
747 300 789 331 K.
809 300 892 331 Nov.
912 311 943 331 a.
962 300 1019 340 69)¹
1044 298 1120 340 (59)
1137 310 1146 329 :
1168 298 1249 338 sort.
1273 307 1317 328 m.
1337 297 1403 327 Oct.

621 387 796 418 CICERO
821 388 992 419 ATTICO
1019 387 1115 418 SAL.

256 479 359 517 Cum
380 477 553 527 aliquem
573 478 679 527 apud
702 486 738 515 te
760 479 922 516 laudaro
943 486 1099 515 tuorum
1121 475 1380 519 familiarium,
1405 475 1532 512 volam
1554 484 1571 511 1

202 542 311 580 illum
333 542 429 580 scire
456 550 560 580 exte
591 555 654 579 me
678 541 719 580 id
746 541 894 587 fecisse,
919 550 960 579 ut
988 555 1112 592 nuper
1140 554 1202 578 me
1234 539 1308 577 scis
1336 537 1534 588 scripsisse

163 622 180 653 5
201 609 251 645 ad
287 616 324 645 te
358 608 408 645 de
443 607 629 644 Varronis
661 621 751 657 erga
783 621 845 644 me
875 606 1016 653 officio,
1051 614 1087 644 te
1117 606 1168 643 ad
1199 618 1262 643 me
1293 603 1534 653 rescripsisse

202 686 288 710 earn
310 685 391 709 rem
417 685 595 709 summae
623 671 692 709 tibi
720 671 910 721 voluptati
936 685 1031 709 esse.
1092 671 1169 709 Sed
1198 683 1271 718 ego
1299 670 1456 706 mallem
1483 670 1533 706 ad

202 736 311 774 illum
343 736 562 786 scripsisses
594 736 690 773 mihi
723 736 831 773 illum
867 736 959 774 satis
994 737 1131 782 facere,
1164 748 1244 773 non
1277 748 1357 783 quo
1391 735 1534 771 faceret

202 803 271 839 sed
307 809 349 839 ut
382 802 550 848 faceret;
594 800 821 839 mirabiliter
855 801 960 840 enim
996 808 1168 839 moratus
1198 807 1256 837 est
1287 798 1386 836 sicut
1418 798 1531 844 nosti,

202 869 329 905 ἑλικτὰ
368 866 426 904 καὶ
464 866 631 904 οὗδέν-.
703 867 780 905 Sed
826 880 897 904 nos
933 874 1112 904 tenemus
1151 871 1405 914 praeceptum
1438 863 1534 901 illud

145 945 184 967 10
201 934 265 972 τὰς
302 935 373 970 τῶν
412 933 702 982 κρατούντωι’“-.
771 933 824 969 At
868 932 1026 969 hercule
1068 932 1165 968 alter
1205 937 1294 967 tuus
1337 927 1534 966 familiaris

204 998 394 1036 Hortalus
425 1010 543 1047 quam
578 998 694 1046 plena
724 1010 854 1044 manu,
887 1009 1004 1046 quam
1037 995 1216 1045 ingenue,
1249 1007 1367 1044 quam
1400 1001 1535 1032 ornate

202 1070 353 1101 nostras
383 1063 519 1100 laudes
549 1062 588 1099 in
619 1070 720 1100 astra
750 1061 915 1108 sustulit,
939 1074 1029 1098 cum
1054 1061 1104 1098 de
1133 1059 1262 1098 Flacci
1291 1066 1470 1109 praetura
1496 1067 1534 1096 et

201 1129 251 1166 de
272 1127 338 1165 illo
359 1135 535 1177 tempore
552 1128 811 1176 Allobrogum
829 1126 998 1164 diceret!
1052 1125 1115 1163 Sic
1136 1125 1282 1162 habeto
1306 1137 1379 1162 nec
1403 1138 1534 1162 aman-

203 1192 278 1231 tius
305 1206 379 1231 nec
399 1191 722 1231 honorificentius
753 1205 825 1229 nec
855 1190 1053 1241 copiosius
1083 1189 1257 1240 potuisse
1279 1189 1366 1227 dici.
1428 1189 1474 1227 Ei
1496 1197 1533 1227 te

147 1271 182 1302 15
203 1260 280 1296 hoc
301 1257 468 1296 scribere
497 1271 520 1294 a
545 1271 608 1295 me
639 1256 708 1294 tibi
739 1270 823 1294 esse
855 1255 1016 1293 missum
1048 1268 1141 1292 sane
1171 1255 1272 1292 volo.
1332 1254 1410 1292 Sed
1438 1253 1534 1303 quid
1553 1263 1577 1290 2

204 1331 246 1361 tu
278 1322 454 1361 scribas?
497 1335 617 1372 quem
652 1321 728 1359 iam
765 1334 838 1370 ego
871 1320 1001 1358 venire
1031 1328 1150 1369 atque
1179 1320 1317 1357 adesse
1348 1318 1536 1365 arbitror;

205 1386 258 1426 i'ta
278 1387 383 1426 enim
404 1387 465 1437 egi
486 1395 617 1425 tecum
639 1385 905 1436 superioribus
927 1384 1072 1422 litteris.
1132 1384 1259 1421 Valde
1281 1391 1317 1421 te
1339 1391 1533 1433 exspecto,

205 1453 318 1491 valde
347 1451 530 1490 desidero
560 1465 689 1500 neque
720 1464 792 1500 ego
824 1449 945 1500 magis
973 1462 1092 1499 quam
1117 1448 1201 1499 ipsa
1231 1462 1289 1486 res
1316 1455 1353 1486 et
1381 1454 1536 1497 tempus

206 1518 342 1568 poscit.

148 1598 188 1620 20
263 1583 339 1621 His
360 1584 410 1621 de
431 1583 597 1632 negotiis
618 1582 713 1632 quid
736 1580 903 1619 scribam
920 1581 970 1618 ad
992 1587 1029 1618 te
1051 1579 1122 1617 nisi
1145 1578 1250 1616 idem
1268 1579 1375 1628 quod
1392 1580 1538 1627 saepe?

207 1662 246 1686 re
274 1647 431 1698 publica
459 1648 556 1685 nihil
584 1646 838 1697 desperatiUS,
862 1645 907 1683 iis
929 1658 1096 1694 quorum
1122 1657 1241 1693 opera
1267 1643 1363 1680 nihil
1391 1642 1537 1681 maiore

205 1713 309 1751 odio.
370 1715 465 1760 Nos,
503 1721 544 1751 ut
577 1712 712 1762 opinio
751 1720 788 1750 et
827 1724 916 1760 spes
955 1717 992 1748 et
1031 1708 1256 1747 coniectura
1287 1715 1419 1746 nostra
1452 1709 1534 1753 fert,

207 1777 428 1816 firmissima
457 1776 734 1817 benevolentia
763 1775 977 1814 hominum»
1002 1773 1142 1811 muniti
1172 1786 1317 1811 sumus.
1378 1774 1469 1820 Qua
1497 1786 1536 1810 re

206 1844 371 1890 advo1a3
400 1852 466 1881 aut
493 1842 678 1893 expedies
702 1855 773 1879 nos
802 1840 911 1878 omni
938 1838 1117 1878 molestia
1137 1846 1203 1876 aut
1230 1837 1303 1876 eris
1330 1837 1533 1887 particeps.

150 1921 188 1952 25
210 1909 308 1946 Ideo
330 1921 416 1945 sum
438 1907 591 1946 brevior
612 1907 730 1956 quod,
756 1914 796 1943 ut
817 1918 942 1955 spero,
966 1917 1097 1941 coram
1120 1903 1227 1941 brevi
1249 1910 1423 1952 tempore
1448 1914 1538 1939 con-

209 1974 305 2011 ferre
322 1986 423 2022 quae
444 1974 625 2010 volumus
647 1970 790 2008 licebit.
852 1970 957 2008 Cura
978 1976 1019 2005 ut
1041 1969 1179 2005 valeas.

316 2078 346 2115 6,
369 2086 385 2115 7
411 2076 451 2107 ad
473 2076 581 2116 ipsum
599 2074 727 2105 Ernesti
828 2083 842 2111 7
883 2082 950 2103 non
967 2082 1035 2112 quo
1053 2072 1177 2102 iaceret
1196 2069 1268 2101 CZ:
1295 2080 1353 2100 om.
1377 2071 1431 2100 ΣΔ
