1773 2651
133 174 179 210 V.
203 173 232 209 ii

207 440 223 467 1

200 1149 225 1177 2

203 1866 229 1905 3

613 173 669 209 M.
702 173 870 209 TVLLI
903 171 1209 210 CICERONIS

287 279 335 315 II
511 282 579 315 Scr.
600 283 634 313 in
652 283 857 323 Pompeiano
873 282 969 313 viId.
990 283 1071 313 Μαί.
1092 293 1121 314 a.
1144 292 1198 322 703
1218 282 1303 323 (51).

660 353 836 384 CICERO
862 354 1033 384 ATTICO
1060 354 1161 385 SAL.

298 429 344 464 A.
372 428 409 465 d.
437 439 476 463 vl
510 427 606 464 Idus
638 425 776 471 Maias,
810 438 900 462 cum
932 426 1000 463 has
1021 426 1167 463 dabam
1199 425 1355 472 litteras,
1387 439 1434 464 ex
1463 427 1578 464 Pom-

243 490 386 541 peiano
406 489 683 540 proficiscebar
713 496 754 526 ut
775 502 823 526 eo
851 488 915 526 die
941 502 1140 527 manerem
1162 489 1201 527 in
1223 490 1450 528 Trebulano
1470 490 1577 540 apud

244 555 441 593 Pontium.
504 554 661 593 Deinde
692 554 914 604 cogitabam
950 554 1034 592 sine
1062 556 1140 592 ulla
1172 568 1281 593 mora
1310 555 1410 592 iusta
1440 554 1578 593 itinera
1596 567 1614 600 5

243 621 380 657 facere.
442 620 489 656 In
520 620 704 657 Cumano
734 632 825 656 cum
856 631 994 664 essem,
1025 618 1131 656 venit
1160 620 1210 657 ad
1242 633 1315 665 me,
1343 620 1451 668 quod
1482 619 1578 656 mihi

243 691 464 734 pergratum
504 684 586 730 fuit,
623 691 756 722 noster
800 683 1064 731 Hortensius,
1113 683 1176 721 cui
1219 683 1450 733 deposcenti
1490 698 1578 722 mea

244 750 430 787 mandata
460 757 588 787 cetera
618 748 797 787 universe
819 748 1014 795 mandavi,
1039 748 1135 786 illud
1166 748 1331 798 proprie,
1355 762 1404 786 ne
1432 757 1577 798 patere-

244 822 305 851 tur
331 822 522 863 quantum
553 821 655 852 esset
682 814 721 851 in
750 813 836 863 ipso
865 813 1063 863 prorogari
1094 813 1209 852 nobis
1237 813 1468 863 provincias.
1529 815 1576 851 In

244 892 324 929 quo
352 892 441 917 eum
473 887 514 917 tu
535 879 652 917 velim
681 880 891 917 confirmes
917 886 1151 928 gratumque
1179 878 1276 916 mihi
1304 878 1441 917 fecisse
1468 879 1577 917 dicas
1597 892 1638 916 10

243 945 351 994 quod
384 951 422 982 et
451 943 600 982 venerit
631 944 682 981 ad
716 956 779 981 me
808 950 846 981 et
876 944 952 981 hoc
984 943 1079 980 mihi
1110 951 1388 993 praetereaque
1419 943 1449 981 si
1481 944 1577 993 quid

243 1022 344 1059 opus
373 1016 475 1047 esset
506 1008 737 1059 promiserit.
799 1008 1042 1047 Confirmavi
1072 1009 1122 1046 ad
1153 1022 1239 1046 eam
1270 1022 1429 1046 causam
1459 1009 1577 1046 etiam

245 1074 434 1112 Furnium
465 1082 642 1112 nostrum
673 1087 791 1123 quem
823 1074 873 1112 ad
904 1087 1052 1111 annum
1081 1073 1283 1112 tribunum
1313 1074 1363 1123 pl.
1394 1073 1577 1111 videbam

245 1141 337 1178 fore.
417 1139 644 1177 Habuimus
690 1138 729 1176 in
770 1140 954 1178 Cumano
1001 1138 1113 1188 quasi
1160 1138 1342 1188 pusillam
1393 1140 1575 1177 Romam.

244 1206 375 1242 Tanta
391 1212 471 1243 erat
487 1204 526 1242 in
543 1204 603 1242 his
628 1203 724 1242 locis
742 1203 980 1250 multitudo,
1009 1216 1100 1241 cum
1119 1202 1273 1241 interim
1293 1204 1412 1241 Rufio
1434 1212 1578 1252 noster,
1602 1216 1639 1248 15

244 1271 354 1320 quod
375 1283 416 1308 se
436 1283 458 1307 a
474 1268 658 1307 Vestorio
679 1267 876 1307 observari
892 1267 1062 1314 videbat,
1079 1275 1352 1317 strategemate
1374 1268 1577 1307 hominem

245 1334 460 1386 percussit,
500 1347 592 1372 nam
623 1335 674 1372 ad
708 1347 770 1372 me
805 1346 886 1371 non
924 1332 1099 1371 accessit.
1163 1334 1305 1370 Itane?
1345 1346 1436 1370 cum
1478 1335 1580 1371 Hor-

246 1400 394 1439 tensius
415 1399 563 1438 veniret
584 1407 621 1437 et
643 1398 820 1436 infirmus
842 1406 879 1436 et
901 1405 981 1435 tam
1009 1399 1124 1447 longe
1145 1405 1184 1436 et
1214 1397 1463 1444 Hortensius,
1487 1411 1577 1436 curn

245 1465 415 1503 maxima
435 1472 634 1514 praeterea
655 1462 878 1508 multitudo,
903 1462 967 1501 ille
984 1475 1065 1500 non
1086 1462 1221 1500 venit?
1273 1464 1377 1508 Non,
1401 1462 1574 1512 inquam.

247 1532 365 1568 ‘Non
397 1528 528 1567 vidisti
563 1528 678 1578 igitur
710 1527 965 1566 hominem?'
1010 1526 1174 1577 inquies.
1237 1526 1316 1576 Qui
1350 1527 1461 1577 potui
1496 1541 1576 1566 non
1597 1544 1638 1565 20

244 1595 376 1633 videre
397 1607 487 1632 cum
510 1607 578 1644 per
598 1592 818 1643 emporium
848 1593 1155 1630 Puteolanorum
1177 1591 1248 1631 iter
1274 1594 1471 1630 facerem?
1529 1594 1577 1630 In

245 1673 325 1710 quo
352 1660 461 1697 illum
491 1666 673 1708 agentem
698 1657 848 1708 aliquid
877 1659 997 1696 credo
1026 1657 1199 1703 salutavi,
1224 1665 1312 1707 post
1339 1657 1456 1696 etiam
1485 1657 1578 1696 iussi

245 1727 372 1764 valere
399 1738 489 1763 cum
515 1738 578 1763 me
602 1723 735 1762 exiens
762 1737 783 1761 e
804 1737 874 1761 sua
893 1722 984 1760 villa
1010 1722 1205 1772 numquid
1226 1724 1366 1760 vellem
1392 1730 1575 1773 rogasset.

249 1792 371 1828 Hunc
392 1788 595 1827 hominem
620 1802 758 1838 parum
783 1795 936 1838 gratum
967 1787 1177 1837 quisquam
1208 1794 1319 1836 putet
1343 1794 1409 1825 aut
1436 1801 1517 1826 non
1538 1787 1578 1825 in

247 1869 295 1894 eo
316 1855 402 1905 ipso
422 1855 666 1893 laudandum
689 1854 798 1903 quod
819 1853 969 1892 laudari
990 1866 1071 1891 non
1092 1851 1304 1890 laborarit?
1360 1853 1438 1890 Sed
1459 1853 1578 1892 redeo
1600 1863 1637 1895 25

246 1923 297 1960 ad
319 1921 425 1959 illud.

302 1985 395 2024 Noli
416 1992 552 2035 putare
573 1984 669 2022 mihi
690 1984 806 2022 aliam
828 1983 1142 2022 consolationem
1165 1996 1249 2022 esse
1274 1982 1389 2020 huius
1410 1982 1578 2033 ingentis

247 2050 449 2089 molestiae
470 2050 543 2088 nisi
565 2051 674 2100 quod
696 2063 810 2100 spero
831 2063 912 2088 non
934 2048 1151 2099 longiorem
1172 2061 1304 2086 annua
1331 2049 1422 2086 fore.
1485 2050 1577 2087 Hoc

248 2129 311 2154 me
340 2115 393 2153 ita
418 2116 517 2153 velle
547 2114 659 2152 multi
690 2127 771 2152 non
801 2115 966 2152 credunt
997 2127 1043 2151 ex
1072 2112 1359 2152 consuetudine
1385 2112 1551 2151 aliorum
1566 2127 1576 2160 3

248 2188 289 2218 tu
310 2180 376 2230 qui
398 2179 472 2217 scis
500 2193 660 2217 omnem
688 2178 931 2229 diligentiam
960 2177 1169 2216 adhibebis
1196 2185 1279 2215 tum
1307 2176 1455 2216 scilicet
1484 2191 1574 2216 cum
1596 2189 1639 2221 30

249 2245 288 2283 id
308 2244 369 2294 agi
390 2244 563 2290 debebit,
579 2257 669 2282 cum
692 2257 738 2281 ex
756 2242 876 2292 Epiro
897 2242 1066 2280 redieris.
1115 2244 1176 2280 De
1196 2255 1235 2280 re
1256 2241 1415 2291 publica
1430 2242 1576 2280 scribas

291 2343 311 2372 8
336 2343 489 2372 mandavi
506 2341 594 2382 vulg.
612 2353 617 2371 z
644 2341 809 2371 mandasti
827 2340 913 2371 codd.
929 2352 935 2370 ς
962 2341 1125 2377 mandavi,
1143 2340 1203 2370 sed
1220 2339 1339 2369 Kalmt
1457 2351 1478 2379 9
1501 2350 1576 2379 pro-

248 2386 393 2415 vinciam
410 2386 498 2426 vulg.
608 2387 645 2414 16
669 2383 914 2424 στρατηγήματι
932 2383 1054 2423 Tyrrell
1151 2384 1189 2413 18
1207 2388 1239 2413 et
1252 2386 1341 2423 (ante
1354 2383 1576 2421 Hortensius)

250 2432 296 2460 2:
319 2439 383 2459 om.
404 2434 431 2458 Δ
478 2439 553 2458 cum
571 2439 634 2459 om.
655 2428 708 2458 M¹
851 2437 892 2466 23
917 2428 1037 2458 exiens
1055 2438 1073 2457 e
1093 2427 1208 2458 Lamb.
1228 2438 1234 2457 :
1259 2437 1412 2466 expense
1428 2426 1518 2457 codd.
1535 2427 1573 2465 cs}

249 2481 280 2509 3.
305 2483 315 2501 1
422 2482 462 2511 25
481 2472 607 2501 laudari
622 2471 764 2502 CNOP:
790 2471 896 2501 audiri
910 2475 936 2500 Δ
1038 2481 1075 2509 3Ι
1097 2470 1232 2501 debebit
1250 2480 1323 2500 curn
1342 2494 1348 2500 .
1369 2493 1376 2500 .
1395 2494 1401 2501 .
1423 2470 1575 2500 redieris.

252 2515 302 2545 De
318 2515 510 2555 Sternkopf:
535 2515 678 2546 debebit.
699 2515 783 2546 Cum
802 2538 808 2544 .
828 2536 835 2544 .
852 2536 859 2543 .
882 2513 1032 2544 redieris.
1053 2513 1094 2543 de
1112 2513 1194 2552 vulg
