1773 2651
106 868 143 890 10

110 2289 153 2319 30

578 162 689 198 EPP.
722 162 799 198 Ale)
831 162 1090 200 ATTICVM
1434 162 1534 199 IV.i

159 273 268 323 quod
296 273 345 311 de
373 273 494 310 domo
522 280 654 309 nostra
678 271 775 309 nihil
801 273 932 310 adhuc
960 272 1167 322 pontifices
1192 273 1488 322 responderunt.

161 336 241 386 Qui
263 337 294 375 si
316 336 541 374 sustulerint
563 335 802 386 religionem,
821 350 951 374 aream
973 338 1211 386 praeclaram
1233 336 1493 384 habebimu53

159 401 406 450 superficiem
434 402 616 438 consules
644 414 689 438 ex
717 408 875 438 senatus
905 402 1087 438 consulto
1113 400 1404 447 aestimabunt;
1433 400 1492 438 sin

159 465 280 511 aliter,
300 465 596 510 †demolientur‚
622 469 717 503 suo†
740 464 901 503 nomine
922 465 1120 512 locabunt‚
1145 478 1224 503 rem
1243 473 1364 504 totam
1382 466 1493 504 aesti—

161 530 336 568 mabunt.

217 596 277 633 Ita
297 603 387 632 sunt
408 608 467 632 res
488 604 654 641 nostrae,
1511 595 1535 632 8

327 663 335 678 ‘
349 662 400 697 Vt
423 661 461 697 fn
482 659 666 697 secundis
688 661 824 706 fluxae,
848 667 891 697 ut
911 659 950 697 in
971 661 1147 699 advorsis
1168 661 1322 700 bonae.’

164 727 211 762 In
239 738 278 763 re
306 724 483 762 familiari
510 725 623 762 valde
652 738 797 770 sumus,
822 732 864 762 ut
894 725 979 770 scis⁷
1003 725 1228 775 perturbati.
1290 728 1494 764 Praeterea

162 798 253 828 sunt
274 791 469 840 quaedam
491 789 710 828 domestica
731 803 831 839 quae
853 789 988 828 litteris
1010 804 1090 828 non
1113 790 1328 829 committo.
1373 790 1495 840 Quin-

163 862 246 893 tum
267 857 423 893 fratrem
452 855 593 905 insigni
620 855 776 904 pietate,
799 855 950 901 virtute,
974 856 1052 893 fide
1080 855 1299 905 praeditum
1329 855 1383 894 sic
1403 869 1495 894 amo

163 928 204 958 ut
235 921 375 959 debeo.
436 922 495 958 Te
526 928 710 970 exspecto
743 928 780 958 et
815 934 884 958 oro
918 928 961 958 ut
995 928 1166 959 matures
1198 921 1329 959 venire
1368 935 1496 970 eoque

161 985 296 1024 animo
316 985 449 1024 venias
477 993 518 1023 ut
540 999 602 1024 me
627 993 695 1024 tuo
716 985 881 1024 consilio
902 999 1014 1035 egere
1042 999 1122 1023 non
1150 985 1264 1024 sinas.
1324 986 1496 1025 Alterius

162 1051 263 1090 vitae
299 1052 502 1101 quoddam
535 1050 690 1088 initium
730 1050 914 1088 ordimur.
991 1052 1075 1088 Iam
1115 1051 1276 1100 quidam
1317 1052 1383 1101 qui
1423 1066 1496 1090 nos

162 1116 336 1155 absentis
368 1117 631 1155 defenderunt
663 1115 855 1165 incipiunt
884 1115 1156 1165 praesentibus
1187 1118 1341 1155 occulte
1371 1116 1493 1163 irasci,

163 1189 296 1231 aperte
317 1180 500 1219 invidere.
562 1181 829 1218 Vehementer
850 1187 887 1218 te
908 1180 1152 1230 requirimus.

208 1321 255 1355 II
499 1323 570 1355 Ser.
591 1323 718 1353 Romae
735 1324 778 1353 1‘11.
799 1334 843 1354 m.
865 1323 932 1353 Oct.
954 1333 983 1353 α.
1006 1323 1068 1362 697
1086 1323 1174 1363 (57).

575 1405 744 1437 CICERO
767 1406 799 1435 Α
812 1405 948 1437 TTIsO
972 1405 1077 1437 SAL.

219 1491 259 1530 Si
280 1493 378 1529 forte
399 1490 519 1529 rarius
541 1489 611 1528 tibi
631 1503 654 1527 a
676 1503 737 1528 me
759 1503 876 1539 quam
898 1503 921 1526 a
941 1489 1079 1527 ceteris
1100 1488 1249 1528 litterae
1267 1491 1492 1536 redduntur,
1515 1502 1532 1528 1

166 1565 258 1608 peto
278 1571 301 1595 a
321 1564 358 1595 te
380 1564 422 1594 ut
442 1556 482 1594 id
504 1569 584 1594 non
606 1557 727 1593 modo
749 1554 1018 1605 neglegentiae
1040 1568 1149 1593 meae
1171 1556 1240 1593 sed
1261 1569 1310 1593 ne
1332 1569 1497 1605 occupa-

110 1640 123 1660 2
167 1622 264 1660 tioni
294 1622 457 1672 quidem
488 1621 635 1659 tribuas
652 1636 661 1667 3
704 1634 805 1670 quae
835 1620 907 1658 etsi
938 1633 1092 1657 summa
1122 1627 1189 1666 est,
1225 1628 1357 1659 tamen
1392 1622 1498 1658 nulla

167 1702 253 1726 esse
274 1695 403 1738 potest
425 1694 533 1725 tanta
561 1694 602 1724 ut
630 1686 887 1735 interrumpat
916 1685 986 1722 iter
1013 1685 1156 1723 amoris
1181 1685 1303 1723 nostri
1330 1694 1367 1724 et
1395 1685 1498 1723 offici

168 1753 254 1791 mei.
307 1754 411 1790 Nam
434 1760 475 1790 ut
496 1751 585 1790 veni
609 1753 792 1797 Romam,
816 1750 957 1789 iterum
979 1763 1084 1787 nunc
1106 1763 1192 1787 sum
1214 1749 1354 1788 certior
1374 1752 1498 1788 factus

167 1831 253 1856 esse
273 1817 337 1856 cui
358 1818 492 1855 darem
518 1816 689 1863 litteras3
720 1815 851 1865 itaque
873 1816 942 1852 has
963 1816 1101 1852 alteras
1122 1814 1226 1852 dedi.

222 1882 422 1921 Prioribus
447 1881 515 1919 tibi
545 1880 738 1919 declaravi
766 1881 959 1918 adventus
991 1887 1122 1917 noster
1149 1879 1274 1929 qualis
1302 1879 1436 1918 fuisset
1461 1887 1499 1917 et

168 1948 256 1998 quis
277 1955 379 1987 esset
401 1955 523 1985 status
544 1954 662 1997 atque
684 1959 823 1984 omnes
850 1958 910 1983 res
938 1952 1094 1983 nostrae
1123 1958 1241 1994 quem
1262 1946 1313 1983 ad
1335 1946 1498 1982 modum

168 2021 309 2060 essent,

305 2080 380 2115 ‘Vt
409 2079 449 2115 1'n
479 2076 663 2116 secundis
694 2077 829 2121 fluxae,
863 2083 905 2113 ut
935 2075 974 2112 in
1004 2075 1179 2113 advorsis
1211 2074 1364 2112 bonae.'

170 2146 263 2181 Post
297 2142 380 2180 illas
420 2143 530 2180 datas
570 2141 714 2179 litteras
754 2147 887 2178 secuta
926 2146 983 2177 est
1022 2153 1177 2176 summa
1211 2138 1414 2176 contentio
1449 2139 1542 2178 de2

170 2210 301 2247 domo.
364 2207 544 2245 Diximus
569 2207 675 2255 apud
704 2205 911 2255 pontifices
939 2218 992 2253 pr.
1026 2205 1112 2241 Kal.
1142 2203 1336 2242 Octobris.
1398 2205 1499 2241 Acta

171 2286 230 2310 res
255 2279 312 2310 est
341 2279 520 2309 accurate
545 2284 566 2308 a
594 2269 707 2306 nobis
735 2278 784 2315 ct,
814 2269 843 2306 si
872 2281 1060 2317 umquam
1090 2268 1127 2304 in
1156 2267 1327 2305 dicendo
1355 2267 1499 2305 fuimus

215 2384 227 2403 1
256 2375 503 2413 responderunt
522 2374 572 2404 F:
598 2378 709 2403 -erant
726 2372 814 2405 codd.
910 2384 924 2411 4
947 2371 1189 2411 demolientur]
1210 2371 1299 2402 aliud
1318 2371 1500 2403 molientur

170 2417 249 2447 coni.
269 2416 371 2447 Reid:
397 2427 464 2447 non
483 2417 718 2453 demolientur,
738 2427 804 2447 uno
824 2417 958 2446 nomine
976 2416 1030 2445 Fr.
1050 2414 1202 2446 Schmidt
