1732 2661
720 168 1042 206 PRAEFATIO

216 281 435 320 editionum
475 282 676 330 postulant
711 292 840 328 neque
875 278 974 316 vires
1010 291 1119 316 meae
1155 280 1319 316 omnino
1355 278 1544 316 sustinere

218 354 406 397 possunt:
450 345 603 383 tenuior
641 346 815 394 quodam
856 344 976 382 modo
1015 344 1126 382 labor
1166 353 1223 382 est
1263 350 1300 382 et
1338 343 1545 381 artioribus

219 412 362 449 finibus
392 409 718 459 circumscriptus.
779 410 869 457 Qua
898 410 948 446 de
978 422 1095 446 causa
1122 422 1251 458 neque
1278 421 1324 446 ex
1351 408 1546 446 immenso

218 475 542 514 emendationum
568 482 604 512 et
632 473 945 512 coniecturarum
966 486 1106 511 acervo
1128 474 1335 524 praecipue
1356 473 1395 511 in
1417 487 1545 512 recen-

220 541 323 579 tibus
344 540 457 578 annis
480 541 518 577 in
539 541 660 577 altum
682 539 882 576 cumulato
903 537 1013 587 potui
1035 537 1109 575 nisi
1130 552 1274 588 paucas
1297 552 1515 588 excerpere.

275 608 455 655 Longum
496 604 675 643 ordinem
710 603 880 641 virorum
915 604 1123 641 doctorum
1158 605 1225 653 qui
1260 605 1309 642 de
1345 601 1548 643 Ciceronis

220 671 396 721 epistulis
424 671 572 720 optime
600 668 727 707 meriti
755 676 845 706 sunt
870 681 1098 706 enumerare
1120 682 1453 718 supervacaneum
1477 675 1546 714 est,

221 738 290 774 sed
330 744 371 773 ut
412 735 590 774 omittam
630 735 790 772 honoris
830 742 867 771 et
906 733 1003 783 grati
1038 733 1158 771 animi
1193 748 1311 773 causa
1345 734 1549 772 nominare

220 800 554 850 Wesenbergium,
589 801 787 846 Booffium,
823 798 1049 845 Gurlittum,
1086 800 1391 850 Sternkopfium,
1425 800 1472 838 O.
1505 802 1549 837 E.

221 866 496 912 Schmidtium‚
534 865 578 903 C.
615 865 655 901 F.
692 865 750 901 W.
788 863 1026 901 Mullerum¹
1067 877 1197 913 neque
1236 864 1294 902 ius
1330 877 1459 913 neque
1495 865 1550 901 fas

221 930 433 981 permittit3
473 929 617 979 quibus
651 929 837 966 omnibus
873 936 913 965 ut
951 927 1117 977 plurima
1149 929 1277 966 debeo
1307 929 1359 966 ita
1388 928 1549 978 gratiam

221 995 429 1046 plurimam
463 994 603 1032 habeo.
668 992 822 1031 Lectori
859 1006 1019 1042 quoque
1053 993 1317 1043 typographei,
1355 995 1436 1031 viro
1471 1000 1549 1030 tam

222 1062 342 1100 docto
367 1073 486 1110 quarn
507 1067 623 1097 acuto
644 1059 710 1108 qui
732 1059 898 1096 schedas
921 1059 1096 1096 sollerter
1119 1058 1367 1108 corrigendas
1391 1058 1550 1098 curavit,

223 1127 389 1163 multum
421 1125 559 1162 debeo.
617 1124 694 1162 Sed
723 1122 863 1173 gratias
894 1123 1023 1162 babeo
1050 1123 1278 1173 praecipuas
1306 1122 1435 1160 amico
1463 1136 1552 1160 con-

223 1189 468 1228 iunctissimo
491 1189 638 1226 Iacobo
666 1187 700 1226 S.
724 1187 838 1234 Reid,
864 1188 1063 1226 Historiae
1092 1189 1291 1237 Antiquae
1317 1188 1423 1237 apud
1453 1188 1551 1226 Can*

224 1254 467 1304 tabrigiensis
487 1252 709 1300 Professori‚
728 1254 795 1302 qui
817 1254 972 1303 linguae
993 1253 1277 1292 Ciceronianae
1297 1251 1551 1302 peritissimus

225 1321 366 1357 multas
393 1319 654 1357 correctiones
683 1317 904 1367 ingeniosas
933 1326 969 1355 et
998 1319 1134 1355 doctas
1160 1330 1314 1355 mecum
1336 1316 1553 1355 communi—

223 1384 324 1423 cavit
364 1392 400 1422 et
440 1397 507 1433 per
550 1390 677 1421 totum
717 1396 816 1433 opus
857 1382 895 1420 in
935 1382 1043 1420 omni
1082 1397 1122 1421 re
1160 1383 1228 1420 ubi
1268 1396 1330 1421 me
1368 1382 1552 1420 adiuvare

224 1457 375 1501 poterat
408 1462 567 1498 operam
599 1450 838 1486 luculentam
870 1456 906 1487 et
937 1448 1173 1487 indefessam
1204 1447 1318 1486 solita
1348 1461 1418 1486 sua
1448 1446 1557 1485 beni-

224 1517 370 1567 gnitate
391 1528 546 1565 semper
565 1514 777 1552 adferebat.

1307 1579 1348 1616 L.
1381 1579 1427 1617 C.
1459 1580 1498 1617 P.

271 1669 399 1698 DABAM
420 1667 575 1697 Dussmm

312 1723 423 1752 Iliense
440 1722 558 1762 Aprz'lz'‚
581 1731 764 1752 MDccccni.

269 1816 280 1836 ¹
306 1817 401 1855 Quos
423 1818 507 1847 duos
528 1816 618 1846 viros
643 1815 788 1851 insignis
814 1814 986 1845 brevitatis
1011 1824 1122 1849 causa,
1146 1818 1180 1842 ut
1206 1812 1403 1852 saepissime
1429 1813 1555 1844 auxilio

228 1860 366 1892 vocandi
384 1865 472 1900 sunt,
493 1860 688 1899 plerumque
706 1860 778 1889 sine
797 1858 1075 1898 praenominibus
1094 1857 1249 1888 indicavi.
