1732 2661
616 187 726 223 EPP.
761 188 837 224 AD
868 189 1127 227 ATTICVM
1511 190 1576 228 Li

196 308 294 345 quas
324 308 414 334 eum
445 296 539 334 dolo
569 297 673 334 malo
704 297 902 347 mancipio
931 298 1131 348 accepisse
1156 300 1206 338 de
1227 300 1346 339 Vario
1368 300 1524 339 diceret.

196 362 285 398 Vna
305 361 473 410 agebant
495 360 613 399 ceteri
634 361 856 409 creditores,
880 362 920 400 in
941 363 1084 413 quibus
1109 372 1189 403 erat
1209 366 1254 403 L.
1280 367 1467 404 Lucullus
1489 373 1527 404 et

196 426 237 462 P.
262 425 392 475 Scipio
414 434 451 464 et
473 425 503 463 is
525 439 643 475 quem
665 427 856 476 putabant
879 428 1104 477 magistrum
1134 431 1215 468 fore
1237 430 1267 468 si
1292 431 1398 469 bona
1424 430 1527 469 veni-

195 500 290 539 rent,
324 494 366 530 L.
398 492 572 531 Pontius.
633 495 781 532 Verum
814 496 890 532 hoc
922 495 1130 533 ridiculum
1159 504 1217 534 est
1246 497 1296 534 de
1328 496 1523 546 magistro.

155 570 172 601 5
194 557 313 595 Nunc
348 571 544 607 cognosce
583 572 675 596 rem.
737 559 905 609 Rogavit
945 574 1008 598 me
1044 561 1239 600 Caecilius
1272 570 1313 599 ut
1344 563 1524 600 adessem

193 630 330 660 contra
364 624 554 673 Satyrum.
635 624 730 662 Dies
763 626 842 663 fere
881 627 1011 664 nullus
1050 634 1107 664 est
1143 626 1238 676 quin
1271 626 1334 664 hic
1367 628 1524 676 Satyrus

192 687 357 725 domum
380 702 508 726 meam
530 689 717 737 ventitet3
747 690 927 728 observat
950 692 992 728 L.
1018 691 1240 729 Domitium
1262 691 1444 739 maxime,
1461 705 1523 730 me

191 753 310 791 habet
340 753 586 803 proximum,
616 754 687 792 fuit
717 762 755 793 et
785 755 880 792 mihi
911 763 949 793 et
971 756 1123 805 Quinto
1144 757 1249 794 fratri
1271 770 1414 806 magno
1435 756 1522 794 usui

189 816 229 854 in
259 818 400 856 nostris
430 819 697 868 petitionibus.
758 821 860 858 Sane
887 834 973 858 sum
1002 822 1249 871 perturbatus
1279 836 1368 860 cum
1400 822 1521 872 ipsius
1539 830 1566 868 4

133 897 170 919 10
190 882 312 932 Satyri
335 883 594 922 familiaritate
615 892 699 922 tum
722 885 887 933 Domiti,
905 885 943 923 in
965 900 1044 936 quo
1067 900 1145 925 uno
1168 887 1336 925 maxime
1357 887 1522 926 ambitio

189 956 322 986 nostra
353 948 496 987 nititur.
560 950 837 988 Demonstravi
872 952 970 989 haec
1003 951 1177 991 Caecilio
1209 952 1324 990 simul
1355 960 1393 990 et
1425 952 1522 991 illud

188 1013 356 1061 ostendi,
378 1013 409 1052 si
436 1013 519 1063 ipse
546 1027 647 1052 unus
673 1028 764 1052 cum
788 1015 855 1054 illo
882 1030 962 1055 uno
990 1018 1258 1065 contenderet,
1282 1031 1346 1056 me
1367 1017 1401 1056 ei
1429 1018 1520 1056 satis

188 1079 380 1117 facturum
420 1078 563 1127 fuisse,
606 1093 713 1118 nunc
745 1079 785 1117 in
817 1094 935 1119 causa
964 1081 1233 1120 universorum
1267 1083 1519 1132 creditorum,

188 1144 395 1182 hominum
434 1144 661 1194 praesertim
700 1145 1044 1196 amplissimorum,
1087 1147 1153 1197 qui
1193 1147 1277 1186 sine
1313 1162 1359 1186 eo
1399 1162 1517 1198 quem

128 1223 164 1254 15
188 1209 383 1249 Caecilius
405 1223 476 1248 suo
505 1209 666 1248 nomine
687 1210 909 1260 perhiberet
934 1211 1047 1250 facile
1077 1226 1236 1250 causam
1261 1226 1516 1252 communem

185 1275 434 1321 sustinerent,
455 1288 627 1324 aequum
658 1288 743 1314 esse
774 1290 865 1314 eum
896 1284 933 1314 et
963 1277 1093 1316 officio
1124 1291 1213 1316 meo
1243 1280 1448 1317 consulere
1479 1287 1516 1317 et

185 1340 361 1390 tempori.
425 1340 570 1378 Durius
595 1340 772 1391 accipere
801 1342 877 1380 hoc
905 1342 1001 1380 mihi
1023 1343 1126 1381 visus
1155 1351 1212 1381 est
1234 1357 1350 1393 quam
1374 1346 1515 1382 vellem

183 1414 221 1444 et
259 1419 377 1456 quam
413 1405 593 1444 homines
634 1405 725 1444 belli
760 1408 898 1453 solent,
933 1415 970 1445 et
1008 1415 1145 1457 postea
1183 1422 1338 1458 prorsus
1376 1410 1426 1447 ab
1461 1409 1515 1447 in-

182 1470 316 1509 stituta
354 1478 486 1508 nostra
525 1483 741 1520 paucorum
784 1471 936 1510 dierum
976 1473 1264 1512 consuetudine
1302 1475 1418 1524 longe
1460 1489 1514 1513 re-

124 1551 163 1572 20
182 1536 289 1586 fugit.

234 1604 319 1642 Abs
341 1611 377 1642 te
399 1612 491 1654 peto
512 1611 554 1642 ut
576 1603 671 1641 mihi
693 1604 768 1642 hoc
785 1602 964 1652 ignoscas
985 1610 1023 1641 et
1040 1617 1102 1642 me
1119 1603 1315 1643 existimes
1336 1604 1512 1643 humani-

181 1674 259 1706 tate
275 1682 360 1707 esse
376 1668 618 1718 prohibitum
634 1682 678 1705 ne
691 1674 821 1706 contra
838 1667 953 1706 amici
970 1681 1165 1706 summam
1183 1668 1510 1708 existimationem

181 1732 398 1772 miserrimo
419 1733 502 1772 eius
530 1742 707 1783 tempore
727 1732 915 1775 venirem,
937 1746 1027 1770 cum
1058 1732 1089 1770 is
1120 1733 1253 1771 omnia
1282 1747 1352 1772 sua
1382 1735 1511 1773 studia

181 1802 219 1832 et
254 1795 381 1833 officia
412 1795 450 1833 in
491 1810 554 1834 me
589 1795 828 1834 contulisset.
889 1796 1010 1843 Quod
1050 1794 1080 1832 si
1114 1797 1221 1834 voles
1255 1795 1295 1833 in
1328 1810 1391 1834 me
1425 1810 1510 1835 esse

124 1877 161 1907 25
182 1859 324 1906 durior,
360 1860 619 1899 ambitionem
658 1859 814 1910 putabis
854 1859 949 1897 mihi
988 1859 1197 1898 obstitisse.
1258 1862 1343 1910 Ego
1376 1868 1508 1899 autem

180 1924 355 1972 arbitror,
378 1925 494 1964 etiam
518 1925 548 1963 si
570 1926 609 1963 id
631 1925 689 1971 sit,
714 1924 809 1962 mihi
831 1924 1117 1974 ignoscendum
1139 1938 1235 1972 esse,

525 2003 602 2040 ἐπεὶ
631 2005 700 2054 οὐχ
730 2003 862 2052 ἶερήιον
891 2002 972 2040 οὐδὲ
1000 2003 1141 2051 βοείην.

177 2077 299 2116 Vides
326 2078 431 2117 enirn
453 2078 492 2116 in
513 2092 593 2128 quo
614 2092 728 2117 cursu
750 2077 871 2116 simus
900 2085 938 2116 et
959 2092 1077 2128 quarn
1099 2078 1228 2116 omnis
1254 2078 1395 2128 gratias
1425 2093 1505 2118 non

176 2144 298 2181 modo
314 2143 537 2182 retinendas
554 2157 688 2182 verum
710 2143 827 2181 etiam
848 2143 1108 2193 acquirendas
1129 2151 1322 2193 putemus.
1383 2146 1506 2195 Spero

117 2216 157 2246 30
175 2207 245 2245 tibi
267 2221 330 2245 me
351 2222 509 2246 causam
531 2209 731 2258 probasse,
752 2207 869 2258 cupio
891 2207 1051 2256 quidem
1073 2216 1187 2246 certe.

232 2275 505 2311 Hermathena
526 2281 591 2310 tua
612 2274 725 2311 valde
753 2287 815 2311 me
843 2273 1012 2310 delectat
1039 2280 1076 2310 et
1098 2272 1224 2321 posita
1244 2272 1297 2311 ita
1318 2274 1419 2312 belle
1446 2281 1503 2312 est
1522 2287 1547 2325 5

222 2386 233 2405 1
262 2376 430 2414 mancipio
456 2387 522 2406 om.
551 2375 603 2404 λ’ῑῙ1
740 2386 758 2405 2
784 2376 809 2405 L
837 2375 910 2406 add.
939 2375 1055 2405 Bauer
1196 2385 1214 2414 5
1241 2386 1406 2414 cognosce
1432 2387 1502 2407 rem

175 2417 335 2460 Madvzg:
359 2429 567 2458 cognoscere
586 2419 627 2448 M
756 2429 797 2449 22
823 2429 864 2449 ne
883 2423 999 2449 contra
1016 2422 1085 2449 vett.
1102 2431 1108 2449 :
1132 2430 1198 2449 om.
1218 2418 1260 2448 M

1382 2488 1424 2521 1*
