1773 2651
571 143 683 179 EPP.
716 143 794 179 Al)
825 141 1085 179 ATTICVM
1442 139 1510 175 IV.
1535 137 1612 174 xix

180 267 254 304 ego
274 268 400 292 essem
422 254 640 304 imperator.
698 253 879 291 Hiberna
895 252 1059 302 legionis
1076 251 1245 301 eligendi
1263 251 1372 300 optio
1388 251 1518 288 delata

180 321 450 366 commodum,
467 327 508 356 ut
528 320 578 356 ad
601 333 662 356 me
677 318 850 366 Quintus
872 318 1015 356 scribit.
1078 319 1200 355 Hunc
1218 324 1258 354 tu
1280 330 1359 353 non
1380 316 1518 353 ames?

181 399 299 434 quem
322 384 435 434 igitur
455 384 648 422 istorum?

236 451 314 487 Sed
335 451 432 487 heus
454 456 494 486 tu
513 452 518 486 ἶ
550 448 831 498 scripseramne
854 448 922 486 tibi
946 462 1008 486 me
1029 462 1114 486 esse
1135 449 1306 497 legatum
1326 445 1516 495 Pompeio

144 523 161 554 5
182 522 220 551 et
248 522 355 563 extra
384 514 520 551 urbem
551 513 713 563 quidem
748 515 829 551 fore
859 528 906 551 ex
938 513 1076 551 Idibus
1108 511 1328 550 Ianuariis?
1375 511 1515 548 Visum

182 588 240 616 est
261 580 336 617 hoc
364 578 459 616 mihi
483 579 534 616 ad
562 580 684 616 multa
706 579 907 628 quadrare.
968 579 1046 616 Sed
1067 577 1163 627 quid
1184 579 1323 626 plura?
1371 578 1515 615 Coram

183 643 323 693 opinor
354 644 513 693 reliqua,
543 651 585 680 ut
617 650 658 680 tu
693 651 825 680 tamen
860 643 1010 692 aliquid
1044 650 1257 692 exspectes.
1324 640 1516 689 Dionysio

182 708 389 758 plurimam
418 710 608 753 salutem;
638 707 700 745 cui
726 708 888 757 quidem
917 721 990 757 ego
1016 721 1098 745 non
1127 708 1248 745 modo
1275 705 1422 744 servavi
1447 705 1517 742 sed

184 773 302 811 etiam
328 773 533 811 aedificavi
560 775 703 811 locum.
766 773 875 821 Quid
899 772 1083 822 quaeris?
1112 773 1162 810 ad
1190 785 1386 809 summam
1414 769 1518 808 laeti-

127 853 165 874 10
184 838 277 875 tiam
300 851 428 875 meam
445 851 563 887 quam
584 852 631 875 ex
652 846 720 875 tuo
736 837 863 875 reditu
880 837 994 886 capio
1016 850 1181 886 magnus
1202 836 1304 874 illius
1325 837 1517 873 adventus

184 905 366 940 cumulus
392 905 565 941 accedet.
627 904 719 951 Quo
746 902 811 941 die
837 903 887 940 ad
916 916 979 940 me
1006 902 1151 949 venies,
1173 909 1226 949 tu,
1251 901 1281 939 si
1309 914 1372 939 me
1396 914 1515 947 anum,

184 968 290 1017 apud
311 980 374 1004 me
394 980 485 1004 cum
507 967 582 1004 tuis
604 981 774 1005 maneas.

233 1081 245 1101 1
274 1071 428 1101 Hiberna
454 1071 598 1110 legionis
616 1070 796 1111 Nipperdqv
815 1083 821 1102 ε
854 1072 1028 1102 hibernam
1047 1071 1217 1110 legionem
1238 1070 1326 1101 codd.
1347 1069 1527 1110 Sternkopf

185 1115 250 1144 coll.
268 1115 358 1145 Suel.
380 1115 446 1144 Cal.
462 1116 501 1144 8:
530 1114 683 1144 Hiberna
701 1116 867 1154 legionum
886 1115 1016 1144 Ernesti
1124 1126 1142 1144 ρ
1168 1115 1315 1153 Quintus
1334 1118 1356 1144 Σ
1376 1118 1522 1154 (practer

186 1157 239 1196 H)
257 1169 262 1187 :
287 1170 350 1188 om.
372 1157 452 1188 MH
562 1168 600 1188 10
624 1159 771 1188 adventu
789 1158 909 1188 Bassus
1034 1169 1067 1188 11
1096 1159 1233 1188 accedet
1253 1158 1337 1188 Crat.
1357 1169 1362 1187 :
1387 1159 1518 1187 accedit

185 1201 227 1231 Μ
357 1207 391 1231 tu
410 1202 580 1232 Faernus:
606 1207 640 1231 ut
658 1202 746 1232 codd.
764 1214 770 1232 ε
798 1203 846 1232 fac
865 1208 898 1232 ut
918 1202 1047 1241 slliillzr,
1069 1202 1124 1231 scd
1139 1202 1172 1240 rs}
1188 1207 1231 1241 φ,
1252 1213 1269 1239 4
