1732 2661
148 577 164 607 5

131 903 167 924 10

583 191 695 227 EPP.
729 191 805 227 AD
837 191 1097 228 ATTICVM
1490 191 1519 229 I.
1537 190 1582 228 iii

187 301 284 339 nihil
328 300 524 351 scripsisti.
603 300 721 350 Signa
767 314 868 350 quae
908 301 1023 339 nobis
1062 301 1216 348 curasti,
1259 315 1304 339 ea
1342 310 1432 339 sunt
1471 303 1522 340 ad

187 366 366 404 Caietam
405 365 591 415 exposita.
671 367 755 403 Nos
795 379 841 403 ea
880 379 960 403 non
1001 365 1171 403 vidimus
1188 381 1197 412 3
1245 380 1374 416 neque
1413 365 1520 404 enim

186 430 354 468 exeundi
374 432 502 467 Roma
519 438 692 479 potestas
707 430 821 468 nobis
843 430 924 468 fuit.
988 430 1171 468 Misimus
1189 430 1255 479 qui
1277 444 1348 480 pro
1364 439 1522 469 vectura

186 496 362 532 solveret.
422 497 481 532 Te
514 496 680 532 multum
711 508 890 532 amamus
922 496 1031 544 quod
1062 508 1107 533 ea
1141 495 1211 533 abs
1244 503 1282 533 tc
1316 495 1522 545 diligenter

185 573 385 609 parvoque
406 568 539 597 curata
560 568 660 597 sunt.

241 625 362 672 Quod
386 626 436 662 ad
458 638 520 662 me
542 638 659 674 saepe
689 624 876 674 scripsisti
907 626 957 663 de
988 633 1122 663 nostro
1152 625 1281 663 amico
1310 627 1517 675 placando,
1539 638 1563 674 3

186 689 259 728 feci
281 698 318 727 et
345 697 525 739 expertus
556 703 643 727 sum
674 690 818 735 onmia,
843 692 912 729 sed
943 691 1166 728 mirandum
1198 691 1236 728 in
1268 693 1432 729 modum
1463 698 1521 729 est

185 754 318 792 animo
339 754 573 793 abalienato.
636 755 792 803 Quibus
820 756 870 793 de
897 755 1191 804 suspicionibus
1213 755 1284 794 etsi
1305 756 1462 794 audisse
1483 764 1521 794 te

185 819 359 865 arbitror,
383 827 514 857 tamen
543 833 589 857 ex
618 833 681 857 me
708 833 797 857 cum
826 819 978 857 veneris
1006 833 1232 869 cognosces.
1294 819 1520 858 Sallustium

186 892 432 934 praesentem
462 884 665 922 restituere
698 884 736 921 in
769 884 852 922 eius
883 893 1054 922 veterem
1085 885 1247 934 gratiam
1282 898 1362 922 non
1397 885 1518 934 potui.

188 951 279 987 Hoc
300 951 350 987 ad
372 957 409 987 te
431 949 566 999 scripsi
598 950 706 999 quod
732 949 762 986 is
793 963 855 987 me
885 963 1070 987 accusare
1100 951 1151 987 de
1181 957 1218 988 te
1249 950 1411 988 solebat.
1473 951 1520 988 In

185 1029 226 1053 se
247 1024 428 1065 expertus
449 1024 506 1054 est
529 1015 638 1053 illum
660 1028 744 1053 esse
767 1015 898 1053 minus
919 1015 1170 1061 exorabilem,
1191 1029 1322 1053 meum
1345 1015 1520 1054 studium

185 1093 259 1118 nec
287 1082 362 1118 sl'ln'
388 1094 452 1117 nec
478 1080 549 1119 tibi
579 1080 762 1118 defuisse.
822 1080 1035 1118 Tulliolam
1064 1081 1108 1119 C.
1134 1079 1268 1118 Pisoni
1291 1082 1332 1118 L.
1357 1081 1379 1118 f.
1405 1081 1521 1132 Frugi

185 1144 483 1194 despondimus.

228 1271 294 1306 IV
596 1274 665 1305 Ser.
685 1274 814 1306 Romae
829 1275 874 1306 in.
892 1285 922 1306 a.
944 1276 1010 1305 688
1028 1275 1111 1316 (66).

602 1363 777 1394 CICERO
802 1363 975 1394 ATTICO
1002 1363 1098 1394 SAL.

239 1453 406 1491 Crebras
446 1451 758 1502 exspectationes
798 1451 913 1490 nobis
963 1451 1019 1489 tui
1065 1465 1304 1490 commoves.
1383 1453 1555 1502 Nuper1

185 1517 346 1566 quidem
368 1530 459 1555 cum
480 1517 557 1554 iam
586 1525 622 1555 te
649 1518 861 1554 adventare
891 1516 1176 1562 arbitraremur,
1200 1525 1360 1567 repente
1386 1518 1456 1555 abs
1481 1524 1520 1555 te

184 1581 224 1619 in
264 1595 441 1620 mensem
475 1581 694 1630 Quintilem
730 1581 861 1619 reiecti
897 1595 1044 1619 sumus.
1105 1583 1224 1619 Nunc
1255 1595 1347 1620 vero
1378 1582 1519 1629 sentio,

127 1666 140 1687 2
184 1648 293 1696 quod
328 1648 543 1685 commodo
579 1655 646 1684 tuo
686 1647 812 1684 facere
846 1645 1003 1696 poteriS‚
1037 1645 1171 1684 venias
1203 1647 1253 1684 ad
1288 1646 1328 1684 id
1363 1654 1519 1697 tempus

184 1714 293 1762 quod
332 1712 491 1759 scribis:
540 1712 683 1751 obieris
724 1711 863 1760 Quinti
904 1711 1029 1749 fratris
1077 1711 1247 1758 comitia,
1289 1725 1361 1750 nos
1400 1713 1519 1762 longo

184 1778 387 1816 intervallo
427 1777 571 1823 viseris,
610 1776 876 1815 Acutilianam
920 1777 1227 1815 controversiam
1273 1777 1514 1827 transegeris.

186 1845 277 1881 Hoc
313 1857 376 1882 me
407 1843 526 1881 etiarn
560 1843 791 1881 Peducaeus
824 1850 866 1880 ut
901 1843 951 1880 ad
983 1850 1020 1881 te
1053 1842 1263 1881 scriberem
1295 1843 1514 1882 admonuit.

184 1911 374 1947 Putamus
399 1909 504 1948 enim
527 1908 621 1947 utile
651 1922 736 1947 esse
767 1916 804 1946 te
835 1908 1051 1958 aliquando
1078 1908 1156 1946 iarn
1184 1923 1264 1948 rem
1293 1909 1513 1960 transigere.

126 1989 160 2008 2·
186 1977 279 2013 Mea
302 1974 530 2013 intercessio
561 1981 694 2024 parata
723 1981 761 2012 et
791 1981 850 2012 est
880 1981 918 2012 et
948 1973 1029 2011 fuit.
1092 1975 1177 2013 Nos
1205 1974 1269 2012 hic
1297 1974 1516 2013 incredibili
1536 1987 1560 2014 2

183 2054 228 2078 ac
249 2039 432 2089 singulari
449 2038 586 2089 populi
604 2039 805 2076 voluntate
822 2039 872 2076 de
890 2039 933 2076 C.
956 2040 1094 2076 Macro
1112 2039 1381 2089 transegimus,
1441 2039 1517 2078 Cui

183 2119 274 2143 cum
306 2104 422 2154 aequi
454 2104 675 2149 fuissemus,
711 2110 843 2141 tamen
884 2105 1009 2141 multo
1041 2103 1230 2142 maiorem
1267 2105 1436 2142 fructum
1471 2118 1517 2143 ex

183 2170 319 2220 populi
340 2169 628 2208 existimatione
658 2168 725 2206 illo
755 2169 944 2206 damnato
974 2168 1152 2218 cepimus
1182 2183 1301 2219 quam
1330 2183 1376 2208 ex
1396 2169 1518 2220 ipsius

184 2235 215 2272 si
235 2235 439 2273 absolutus
460 2242 561 2273 esset
581 2233 703 2284 gratia
723 2232 975 2283 cepissemus.

229 2350 247 2369 2
273 2340 356 2380 non]
387 2341 537 2370 nondum
563 2339 725 2379 Phrvgers
902 2348 936 2367 11
964 2342 1039 2368 ante
1071 2339 1103 2368 in
1133 2349 1169 2370 se
1199 2339 1273 2370 add.
1299 2339 1345 2371 At
1370 2341 1516 2373 Rosius:

185 2383 260 2413 add.
283 2383 351 2413 Iam
372 2383 447 2413 Otto
561 2393 598 2421 13
624 2392 686 2412 nec
703 2382 765 2412 sibi
785 2393 846 2412 nec
864 2382 923 2412 tibi
942 2382 1059 2414 Klots:
1086 2393 1148 2413 nec
1166 2384 1224 2413 tibi
1241 2384 1349 2414 codd:
1375 2396 1438 2415 nee
1456 2386 1515 2415 tibi

187 2437 249 2456 nec
275 2427 337 2456 sibi
366 2427 524 2457 Graevius
712 2435 749 2463 19
773 2435 898 2456 censeo
928 2424 1046 2457 Lamb.
1271 2438 1310 2465 24
1337 2428 1417 2468 iam]
1444 2439 1515 2459 eam

186 2469 374 2510 Hcrvagr'us
