1773 2651
167 198 237 234 VI.
257 198 270 233 i

207 899 257 927 22

209 1553 260 1591 23

640 198 695 234 M.
728 198 898 235 TVLLI
930 196 1236 236 CICERONIS

274 308 506 358 spondisse3
535 310 654 358 paulo
678 309 818 346 vellem
849 308 1044 347 fidentius.
1105 310 1209 346 Nam
1238 307 1395 348 Caelius
1422 308 1604 347 libertum

274 374 325 411 ad
361 387 423 412 me
458 373 562 411 misit
594 380 631 411 et
666 373 812 411 litteras
850 381 1030 411 accurate
1064 373 1226 424 scriptas
1260 381 1298 412 et
1328 375 1378 412 de
1408 374 1606 424 pantheris

274 442 345 478 et†
375 452 399 477 a
427 438 661 477 civitatibus.
723 438 921 488 Rescripsi
951 440 1116 476 alterurn
1147 452 1209 476 me
1242 440 1406 476 moleste
1440 439 1546 484 ferre,
1577 438 1607 475 si

274 517 349 553 ego
380 503 419 541 in
453 503 623 542 tenebris
658 505 817 541 laterem
854 517 927 541 nec
961 503 1160 542 audiretur
1196 505 1348 541 Romae
1383 504 1534 540 nullum
1568 503 1607 540 in

276 582 364 606 mea
381 568 580 618 provincia
596 581 804 605 nummum
822 567 895 605 nisi
912 568 951 605 in
965 582 1030 606 aes
1047 568 1217 606 alienum
1236 567 1393 617 erogari,
1411 567 1608 617 docuique

275 646 348 671 nec
371 632 467 670 mihi
488 632 697 671 conciliare
714 632 923 683 pecuniam
942 633 1057 671 licere
1078 647 1151 671 nec
1168 633 1220 670 illi
1238 646 1377 682 capere
1394 631 1610 682 monuique

275 712 366 737 eum
403 711 521 748 quem
557 700 672 748 plane
707 698 828 747 diligo
863 706 904 736 ut
938 712 1029 737 cum
1063 698 1160 737 alios
1197 706 1419 737 accusasset
1458 697 1610 735 cautius

276 763 443 810 viveret;
482 763 579 801 illud
616 771 749 802 autem
783 765 947 802 alterum
987 764 1159 802 alienum
1199 777 1283 802 esse
1322 762 1610 801 existimatione

276 842 374 875 mea,
399 827 603 877 Cibyratas
631 828 795 878 imperio
822 842 912 866 meo
938 828 1094 878 publice
1121 828 1262 866 venari.

332 896 457 943 Lepta
484 900 551 931 tua
580 893 746 943 epistula
773 893 919 943 gaudio
949 895 1138 939 exsultat3
1168 893 1314 932 etenim
1339 893 1482 943 scripta
1509 894 1610 930 belle

277 966 336 997 est
364 972 507 1008 meque
531 960 638 1007 apud
669 972 759 996 eum
792 972 932 1009 magna
962 959 1000 996 in
1029 959 1151 1009 gratia
1181 959 1321 1009 posuit.
1383 958 1522 996 Filiola
1545 965 1612 995 tua

276 1031 428 1074 gratum
464 1022 559 1060 mihi
595 1023 684 1061 fecit
721 1025 830 1073 quod
862 1023 932 1061 tibi
967 1023 1173 1074 diligenter
1208 1024 1408 1062 mandavit
1443 1031 1484 1061 ut
1516 1022 1612 1060 mihi

277 1090 443 1126 salutem
467 1087 718 1135 adscriberes,
742 1096 894 1138 gratum
925 1088 1042 1127 etiam
1070 1088 1177 1135 Pilia,
1207 1090 1276 1127 sed
1307 1089 1371 1126 illa
1401 1087 1612 1127 officiosius

278 1154 387 1203 quod
419 1152 515 1190 mihi
545 1166 663 1202 quem
694 1153 771 1191 iam
803 1153 986 1202 pridem.
1011 1185 1018 1191 .
1043 1185 1049 1191 .
1072 1167 1289 1203 numquam
1322 1153 1428 1192 vidit.
1491 1153 1613 1203 Igitur

278 1226 320 1256 tu
342 1231 502 1268 quoque
523 1219 689 1255 salutem
712 1217 865 1267 utrique
892 1218 1116 1256 adscribito.
1178 1219 1411 1256 Litterarum
1433 1219 1611 1256 datarum

279 1283 362 1321 dies
383 1297 437 1333 pr.
459 1284 546 1320 Kal.
568 1284 720 1321 Ianuar.
741 1297 899 1322 suavem
922 1283 1059 1322 habuit
1081 1284 1393 1322 recordationem
1411 1283 1612 1322 clarissimi

278 1349 370 1387 iuris
400 1348 553 1386 iurandi
584 1349 692 1398 quod
723 1362 796 1399 ego
830 1363 910 1387 non
943 1363 1047 1387 eram
1083 1349 1238 1387 oblitus.
1302 1351 1471 1400 Magnus
1506 1349 1611 1388 enim

278 1422 541 1465 praetextatus
562 1414 628 1452 illo
650 1414 714 1453 die
735 1415 799 1453 fui.
862 1415 1000 1453 Habes
1020 1417 1071 1453 ad
1093 1415 1235 1454 omnia.
1297 1418 1401 1463 Non,
1421 1424 1462 1454 ut
1483 1423 1613 1466 postu-

278 1480 376 1527 lasti,
399 1482 541 1531 χρύσεα
559 1482 743 1531 χαλκείων
762 1481 831 1518 sed
853 1480 959 1529 paria
980 1480 1137 1530 paribus
1159 1481 1445 1531 respondimus.

335 1547 440 1584 Ecce
473 1554 605 1584 autem
640 1546 715 1584 alia
749 1545 890 1596 pusilla
923 1546 1090 1596 epistula
1124 1560 1242 1596 quam
1278 1560 1357 1584 non
1393 1546 1610 1596 relinquam

281 1612 587 1661 ἀναντιφώνητον.
649 1613 757 1649 Bene
787 1625 850 1649 me
880 1612 1037 1649 hercule
1066 1612 1227 1661 †potuit
1250 1612 1442 1650 Lucceius
1464 1613 1613 1650 Tuscu—

280 1678 426 1723 lanum,
453 1676 526 1714 nisi
550 1677 647 1714 forte
670 1677 784 1726 (solet
806 1676 928 1726 enim)
951 1690 1041 1714 cum
1064 1690 1135 1714 suo
1158 1676 1318 1714 tibicine
1333 1681 1363 1716 †.
1426 1679 1475 1714 Et
1496 1677 1612 1715 velim

281 1742 378 1780 scire
399 1742 465 1792 qui
490 1742 538 1780 sit
559 1742 641 1780 eius
666 1750 799 1780 status.
861 1744 1073 1780 Lentulum
1100 1742 1261 1792 quidem
1288 1750 1463 1780 nostrum
1485 1744 1613 1780 θ111111ἀ

281 1814 432 1857 praeter
462 1808 733 1845 Tusculanum
772 1807 1045 1857 proscripsisse
1083 1807 1213 1846 audio.
1279 1807 1409 1857 Cupio
1449 1809 1520 1845 hos
1554 1821 1614 1846 ex-

281 1871 436 1922 peditos
461 1871 607 1919 videre,
627 1872 745 1922 cupio
772 1872 889 1910 etiam
918 1872 1100 1919 Sestium,
1127 1873 1230 1911 adde
1260 1872 1311 1910 sis
1340 1872 1543 1919 Caelium3
1573 1872 1613 1910 in

282 1937 425 1987 quibus
446 1937 631 1975 omnibus
653 1945 711 1975 est

462 2003 641 2041 Αἵδεσθεν
669 2005 736 2053 μὲν
765 2003 969 2052 ἀνήνασθαι
999 2003 1125 2041 δεῖσαν
1155 2003 1184 2041 δ’
1213 2003 1421 2054 ὑποδέχθαι.

285 2069 346 2105 De
375 2067 568 2106 Memmio
599 2068 841 2106 restituendo
872 2076 913 2106 ut
938 2068 1059 2107 Curio
1089 2068 1233 2118 cogitet
1261 2076 1298 2106 te
1324 2068 1480 2106 audisse
1505 2076 1611 2118 puto.

286 2135 347 2170 De
370 2132 509 2183 Egnati
532 2133 695 2172 Sidicini
718 2133 879 2171 nomine
899 2147 973 2171 nec
995 2135 1100 2171 nulla
1122 2146 1194 2170 nec
1216 2146 1355 2182 magna
1376 2146 1444 2182 spe
1466 2146 1611 2170 sumus.

329 2235 348 2264 3
372 2229 406 2254 et
422 2235 441 2254 a
459 2223 519 2255 W:
544 2225 604 2255 sed
622 2235 641 2254 a
659 2223 719 2255 M:
746 2229 778 2255 et
793 2225 834 2254 de
848 2223 967 2253 Lamb.
1017 2233 1036 2252 a
1053 2221 1259 2261 civitatibus]
1276 2223 1316 2252 de
1329 2223 1549 2261 vectigalibus
1560 2224 1612 2255 Fr.

283 2267 434 2298 Schmidt
568 2278 606 2305 14
632 2268 697 2297 iam
720 2267 850 2306 pridem
870 2266 937 2297 secl.
959 2266 1052 2297 Μιυι.
1072 2278 1078 2296 t
1106 2270 1180 2307 post
1200 2266 1263 2296 iam
1282 2267 1411 2305 pridem
1434 2266 1508 2297 add.
1531 2268 1614 2297 haec

284 2311 461 2341 amabilius
485 2311 572 2349 quod
598 2310 723 2340 homini
750 2309 864 2348 ignoto
887 2320 986 2348 quem
1010 2310 1144 2349 quidem
1170 2309 1346 2340 Lehmann
1482 2312 1521 2340 16
1545 2311 1616 2340 dies

289 2354 460 2385 WHNO:
484 2365 549 2384 0111.
570 2353 610 2383 Μ
743 2363 780 2392 17
806 2353 940 2391 oblitus,
958 2364 1099 2391 magnus
1122 2352 1309 2393 lVesenberg
1423 2363 1461 2383 21
1489 2354 1613 2394 potuit]

286 2398 463 2437 proposuit
480 2397 679 2427 Benlivolz'ns
695 2409 701 2427 :
726 2397 926 2436 proscripsit
943 2396 1072 2435 Kayser
1202 2407 1243 2435 23
1266 2396 1322 2435 qui
1344 2395 1471 2427 ll’OP:
1494 2397 1569 2436 quis
1586 2402 1614 2427 Δ

287 2442 358 2471 eius
382 2445 489 2471 status
511 2439 672 2471 WOPN:
697 2445 805 2470 status
830 2440 902 2470 eius
920 2445 947 2470 Δ
1036 2440 1148 2471 omnia
1165 2440 1241 2471 add.
1262 2439 1379 2470 Lanzl).
1505 2450 1545 2479 25
1569 2439 1614 2470 sis

292 2484 353 2514 W:
380 2485 419 2514 iis
439 2484 478 2513 M
565 2485 599 2513 in
621 2482 855 2514 WAntFOP:
879 2494 942 2514 om.
962 2483 1052 2513 NMs

1629 579 1646 610 5

1632 905 1672 928 10

1635 1229 1672 1261 15

1633 1561 1674 1583 20

1636 1885 1674 1917 25
