1773 2651
199 174 269 211 VI.
289 174 317 210 ii
645 177 699 213 M.
732 177 899 213 TVLLI
933 176 1239 215 CICERONIS

276 285 381 334 Appi
403 286 582 336 Scaptius
612 295 649 324 et
677 287 848 325 habebat
876 295 1021 325 turmas
1050 288 1101 325 ab
1123 287 1266 337 Appio.
1326 288 1374 325 Id
1403 300 1465 325 me
1492 286 1606 337 igitur

275 357 315 388 tu
341 351 451 389 cuius
483 366 544 390 me
572 354 729 391 hercule
760 367 803 391 os
831 352 927 390 mihi
947 360 1038 391 ante
1065 354 1201 391 oculos
1228 354 1327 390 solet
1351 352 1493 390 versari
1513 366 1604 390 cum

274 417 324 454 de
344 416 477 466 aliquo
498 417 628 456 officio
647 432 693 455 ac
714 419 830 456 laude
857 418 998 468 cogito,
1022 425 1063 456 tu
1088 432 1151 456 me
1176 417 1337 468 inquam
1362 431 1474 467 rogas
1500 431 1606 467 prae-

275 482 399 519 fectus
429 489 470 520 ut
501 482 680 532 Scaptius
710 482 789 520 sit?
827 482 934 521 Alias
964 484 1041 521 hoc
1075 490 1334 521 statueramus
1364 490 1405 520 ut
1435 482 1605 532 negotia-

275 554 399 584 torem
445 547 644 585 neminem
691 547 810 598 idque
857 550 979 586 Bruto
1022 549 1288 598 probaramus.
1369 548 1529 585 Habeat
1574 547 1605 585 is

275 614 450 650 turmas?
492 626 560 650 cur
593 612 724 663 potius
758 627 877 663 quam
912 613 1114 651 cohortis?
1170 615 1338 663 Sumptu
1373 612 1450 650 iam
1482 625 1606 662 nepos

228 682 255 719 9
275 677 405 714 evadit
435 677 626 727 Scaptius.
688 680 880 716 ‘Volunt'
911 678 1039 728 inquit
1068 677 1312 727 ‘principes-‚⁹
1370 677 1485 724 Scio;
1514 690 1606 714 nam

274 743 325 780 ad
346 756 409 780 me
432 744 635 792 Ephesum
659 757 782 793 usque
803 751 993 782 venerunt
1015 744 1233 792 flentesque
1260 742 1438 793 equitum
1460 743 1606 780 scelera

274 815 311 845 et
347 807 520 846 miserias
553 821 641 846 suas
674 809 910 847 detulerunt.
983 810 1123 858 Itaque
1156 807 1285 846 statim
1326 807 1419 846 dedi
1459 807 1604 845 litteras

275 880 315 910 ut
337 886 383 910 ex
404 874 536 922 Cypro
563 873 715 922 equites
741 882 832 912 ante
854 881 999 912 certam
1021 873 1126 912 diem
1157 874 1405 919 decederent,
1430 873 1482 911 ob
1503 885 1605 910 eam-

275 951 351 986 que
372 950 530 975 causam
553 946 635 975 tum
654 938 707 976 ob
727 946 874 976 ceteras
892 938 1093 977 Salaminii
1115 952 1187 976 nos
1208 938 1247 976 in
1269 939 1420 976 caelum
1439 936 1606 976 decretis

275 1002 354 1040 suis
389 1004 639 1041 sustulerunt.
710 1005 789 1042 Sed
824 1003 899 1041 iam
936 1003 1031 1053 quid
1067 1017 1166 1053 opus
1202 1003 1407 1053 equitatu?
1450 1003 1607 1040 solvunt

276 1066 381 1105 enim
421 1067 647 1116 Salaminii3
688 1068 761 1106 nisi
790 1070 888 1106 forte
927 1068 967 1106 id
999 1069 1180 1106 volumus
1219 1067 1335 1105 armis
1375 1067 1526 1105 efficere
1566 1074 1607 1104 ut

276 1134 412 1171 faenus
434 1133 632 1183 quaternis
653 1133 877 1172 centesimis
905 1135 1063 1172 ducant.
1124 1135 1174 1171 Et
1196 1147 1268 1183 ego
1295 1132 1453 1171 audebo
1480 1134 1608 1182 legere

276 1212 465 1248 umquam
494 1207 560 1236 aut
589 1198 779 1249 attingere
808 1212 876 1237 eos
906 1198 1025 1237 libros
1055 1212 1154 1249 quos
1185 1206 1225 1236 tu
1256 1197 1445 1245 dilaudas,
1470 1197 1501 1235 si
1531 1198 1607 1234 tale

274 1263 370 1312 quid
396 1265 554 1302 fecero?
612 1263 740 1301 Nimis
761 1263 923 1314 inquam
948 1263 987 1301 in
1009 1263 1084 1302 isto
1107 1266 1270 1302 Brutum
1291 1262 1442 1308 amasti,
1466 1261 1607 1301 dulcis—

275 1328 371 1366 sime
393 1328 534 1376 Attice,
558 1343 630 1367 nos
653 1343 786 1368 vereor
813 1343 862 1368 ne
890 1343 1039 1379 parum.
1098 1332 1231 1380 Atque
1252 1330 1349 1367 haec
1377 1327 1512 1378 scripsi
1534 1340 1606 1377 ego

210 1405 256 1433 10
274 1395 324 1432 ad
348 1396 512 1432 Brutum
534 1394 733 1444 scripsisse
754 1402 792 1434 te
811 1397 861 1433 ad
885 1409 956 1434 me.
1018 1396 1226 1445 Cognosce
1248 1408 1354 1432 nunc
1375 1401 1514 1432 cetera.

330 1461 405 1497 Pro
439 1459 573 1509 Appio
604 1474 676 1498 nos
710 1460 774 1498 hic
809 1461 943 1499 omnia
973 1460 1138 1499 facimus
1172 1461 1338 1498 honeste
1370 1467 1501 1497 tamen
1536 1459 1605 1496 sed

274 1525 390 1574 plane
420 1525 596 1563 libenter.
657 1527 743 1564 Nec
772 1525 877 1564 enirn
905 1525 1035 1576 ipsum
1063 1525 1221 1564 odimus
1248 1532 1286 1563 et
1312 1526 1477 1562 Brutum
1504 1536 1607 1561 ama-

275 1603 361 1627 mus
382 1597 419 1628 et
443 1590 655 1640 Pompeius
677 1590 838 1629 mirifice
858 1605 881 1629 a
902 1604 964 1629 me
986 1590 1191 1629 contendit
1216 1603 1335 1639 quem
1361 1602 1424 1627 me
1449 1589 1606 1626 hercule

274 1656 361 1704 plus
390 1657 557 1705 plusque
587 1655 626 1693 in
657 1656 740 1694 dies
770 1656 900 1706 diligo.
962 1658 1006 1696 C.
1031 1655 1213 1695 Coelium
1245 1662 1492 1705 quaestorem
1528 1655 1605 1691 huc

274 1719 405 1758 venire
433 1720 586 1759 audisti.
648 1721 794 1760 Nescio
824 1721 919 1771 quid
950 1721 997 1759 sit
1026 1721 1208 1759 hominis.
1269 1721 1347 1758 Sed
1376 1719 1606 1758 Pammenia

274 1785 338 1823 illa
364 1785 460 1824 mihi
488 1800 568 1824 non
598 1788 765 1836 placent.
827 1789 912 1837 Ego
940 1801 1002 1826 me
1027 1800 1142 1836 spero
1169 1785 1336 1824 Athenis
1361 1787 1442 1824 fore
1469 1798 1605 1823 mense

274 1850 506 1899 Septembri.
565 1853 743 1889 Tuorum
779 1851 961 1890 itinerum
998 1859 1176 1901 tempora
1215 1850 1312 1889 scire
1346 1863 1439 1888 sane
1474 1849 1601 1888 velim.

274 1916 455 1965 Εὐήθειαν
474 1915 681 1966 Semproni
711 1917 803 1954 Rufi
829 1916 995 1966 cognovi
1021 1930 1067 1954 ex
1096 1916 1263 1965 epistula
1287 1922 1352 1953 tua
1373 1916 1600 1964 Corcyraea.

274 1980 382 2028 Quid
404 1980 586 2031 quaeris?
616 1980 774 2020 invideo
795 1981 994 2030 potentiae
1016 1980 1183 2019 Vestori.

316 2094 335 2123 5
362 2085 579 2124 probaramus
599 2084 806 2125 ll'rscnbrrgz
834 2085 1012 2124 probamus
1032 2085 1091 2115 M:
1118 2085 1379 2123 probaveramus
1402 2083 1475 2115 Vici.
1498 2084 1601 2122 :fi›rt.

272 2129 369 2167 legere
385 2128 538 2158 debemus
561 2133 620 2158 aut
638 2129 801 2168 Pompeio
819 2129 883 2168 (vel
895 2129 1080 2168 Torquato)
1101 2134 1162 2168 pro
1180 2128 1283 2159 Bruto
1307 2132 1367 2158 aut
1389 2128 1604 2166 probabimus

272 2172 308 2211 cfi
335 2182 364 2202 v.
390 2182 440 2204 21.
473 2182 532 2210 10;
562 2172 601 2203 vi.
636 2183 659 2203 1.
689 2174 709 2202 6
842 2183 859 2211 7
886 2172 996 2211 inquis
1022 2172 1119 2203 Rom.
1258 2181 1294 2201 12
1320 2173 1468 2210 equitatu
1494 2172 1601 2209 vulga:

273 2216 440 2254 equitatus
452 2215 504 2245 M·
527 2216 646 2246 Romu:
674 2216 856 2255 equitatust
869 2216 987 2246 Lamb.
1084 2217 1122 2245 16
1148 2215 1265 2251 Nimisy
1282 2215 1382 2245 nimis
1399 2215 1535 2253 inquam
1553 2213 1603 2243 ΖΙ)

276 2269 312 2297 17
339 2259 467 2299 Atque]
484 2259 563 2298 stwt.
584 2259 688 2298 Atqui
837 2270 876 2298 19
900 2259 1039 2289 facimus
1065 2259 1182 2290 Mam:
1217 2259 1376 2288 faciamus
1402 2257 1479 2288 Ml:
1504 2258 1603 2288 facie-

273 2313 346 2332 mus
364 2301 418 2331 M
517 2313 557 2332 22
584 2302 737 2332 Coelium
755 2302 849 2332 codex
865 2301 905 2331 M
917 2308 966 2342 ap.
984 2303 1069 2332 Fam
1098 2303 1128 2332 ii.
1147 2312 1192 2341 15.
1210 2313 1228 2340 4
1245 2314 1252 2333 ε
1276 2302 1428 2332 Caelium
1445 2301 1536 2332 codd.
1554 2301 1605 2331 hic

272 2356 313 2384 23
337 2346 379 2376 sit
402 2346 556 2376 hominis.
608 2346 676 2376 Sed
697 2345 723 2375 L
744 2345 882 2385 (nzmg.)
903 2345 1016 2376 Crem:
1041 2346 1094 2376 sit.
1141 2346 1209 2376 Sed
1226 2344 1308 2375 codd
1331 2357 1338 2375 ι
1364 2345 1417 2377 sit.
1438 2345 1497 2375 sed
1521 2368 1528 2376 .
1556 2368 1563 2375 .
1593 2369 1599 2375 .

273 2392 362 2428 (cum
380 2390 556 2428 aposz'opesi
570 2395 576 2424 ¹)
600 2388 788 2428 ll'escnbmjg
918 2389 960 2418 26
984 2392 1058 2418 ante
1082 2389 1261 2428 Semproni
1282 2388 1358 2419 add.
1379 2388 1405 2418 C
1423 2387 1605 2426 Lahmeyer

271 2436 329 2463 tua
354 2433 470 2463 codices
486 2432 696 2472 Alalaspinae
712 2425 761 2461 Zb
774 2430 795 2460 I
807 2443 813 2461 :
837 2441 901 2462 om.
924 2435 978 2462 ΣΔ

1626 887 1664 909 10

1627 1538 1666 1560 20

1627 1862 1662 1893 25
