1773 2651
164 159 231 195 IV.
252 158 326 194 xiii
632 160 686 195 M.
719 160 886 196 TVLLI
919 160 1226 198 CICERONIS

258 278 449 319 quantum
481 278 582 320 pote.
643 271 770 308 Valde
800 283 886 307 sum
918 272 1105 316 ὀξύπεινος
1134 277 1183 316 et,
1207 269 1238 307 si
1268 270 1432 320 quaeris,
1457 271 1593 310 omnia

217 334 354 374 2mihi
393 343 483 373 sunt
522 343 713 384 suspecta.
788 335 973 373 Crassum
1013 334 1174 384 quidem
1218 342 1397 373 nostrum
1442 335 1592 374 minore

259 400 449 450 dignitate
469 400 578 438 aiunt
605 401 824 450 profectum
852 401 1081 449 paludatum
1113 414 1232 450 quam
1260 400 1354 438 olim
1381 402 1592 450 aequalem

260 465 343 503 eius
375 467 416 503 L.
448 467 623 511 Paulum,
657 464 749 503 item
783 464 921 502 iterum
954 466 1168 503 consulem.
1229 465 1265 503 O
1296 465 1498 503 hominem
1529 479 1593 504 ne-

260 544 378 579 quam
397 533 403 567 l
463 531 524 568 De
545 529 651 567 libris
672 528 847 567 oratoriis
869 530 1015 566 factum
1037 536 1095 567 est
1115 542 1137 566 a
1158 542 1221 566 me
1242 529 1457 579 diligenter.
1510 529 1589 567 Diu

260 597 507 644 multumque
547 595 585 632 in
625 594 807 632 manibus
847 595 1012 632 fuerunt.
1075 594 1284 632 Describas
1325 594 1425 633 licet.
1487 596 1591 633 Illud

259 660 377 699 etiam
398 666 510 709 alque
528 661 642 697 etlam
663 667 700 697 te
721 673 825 709 rogo,
850 660 916 708 τὴν
941 663 1134 709 παροῦσαν
1161 661 1392 699 κατάστασιν
1410 660 1590 707 τυπωδῶς,

260 740 309 764 ne
331 725 430 763 istuc
451 726 594 775 hospes
615 724 781 763 veniam.

305 826 414 861 XIV
482 828 548 860 Ser.
569 829 602 859 in
623 829 777 860 Cumano
794 840 839 860 m.
862 829 943 860 Mai.
960 833 1038 870 post
1052 829 1086 860 vi
1100 829 1150 861 Id.
1172 840 1202 860 a.
1227 840 1286 869 700
1306 830 1394 869 (54).

676 900 851 931 CICERO
877 900 1052 931 ATTICO
1079 900 1176 931 SAL.

226 987 243 1013 1
316 972 519 1011 Vestorius
541 980 672 1011 noster
697 986 758 1011 me
784 986 853 1022 per
879 972 1024 1011 litteras
1051 972 1143 1011 fecit
1170 973 1374 1011 certiorem
1403 980 1441 1011 te
1463 975 1594 1012 Roma

260 1053 291 1076 a.
317 1040 417 1077 d.V1
455 1039 550 1076 Idus
587 1038 714 1076 Maias
753 1038 879 1088 putari
916 1039 1135 1088 profectum
1171 1051 1256 1076 esse
1291 1038 1439 1076 tardius
1475 1052 1593 1088 quam

261 1103 412 1142 dixeras
437 1104 546 1153 quod
577 1103 706 1141 minus
734 1103 931 1141 valuisses.
993 1103 1033 1141 Si
1061 1103 1139 1141 iam
1170 1102 1310 1141 melius
1341 1105 1456 1149 vales,
1482 1104 1595 1141 vehe-

262 1176 413 1206 menter
441 1169 606 1218 gaudeo.
666 1168 796 1206 Velim
827 1169 993 1206 domum
1022 1169 1074 1206 ad
1105 1175 1142 1206 te
1172 1167 1318 1206 scribas
1348 1175 1390 1205 ut
1416 1167 1511 1205 mihi
1539 1168 1595 1206 tui

262 1233 348 1271 libri
376 1240 535 1283 pateant
565 1247 645 1271 non
676 1246 788 1271 secus
814 1246 860 1270 ac
890 1232 922 1270 si
950 1232 1033 1282 ipse
1058 1233 1218 1270 adesses
1247 1245 1338 1270 cum
1366 1232 1483 1271 ceteri
1511 1240 1594 1270 turn

262 1298 459 1336 Varronis.
522 1300 591 1336 Est
612 1298 717 1336 enim
740 1297 835 1334 mihi
858 1299 1050 1336 utendum
1072 1297 1311 1346 quibusdam
1333 1298 1448 1335 rebus
1469 1312 1515 1336 ex
1536 1297 1595 1335 his

263 1363 370 1401 libris
399 1365 450 1401 ad
480 1376 547 1402 eos
578 1376 678 1413 quos
708 1363 747 1400 in
779 1362 961 1401 manibus
989 1362 1143 1409 habeog
1173 1375 1283 1412 quos,
1307 1370 1349 1400 ut
1376 1376 1502 1413 spero,
1525 1363 1595 1401 tibi

221 1443 245 1469 2
265 1430 378 1467 valde
399 1429 588 1478 probabo.
648 1430 711 1465 Tu
732 1427 847 1466 velim
873 1428 903 1465 si
925 1427 1021 1477 quid
1043 1429 1141 1466 forte
1162 1426 1254 1465 novi
1274 1428 1408 1473 habes,
1428 1427 1596 1466 maxime

263 1507 286 1531 a
317 1493 468 1541 Quinto
498 1495 621 1538 fratre,
655 1492 800 1531 deinde
830 1507 853 1530 a
884 1493 927 1531 C.
953 1493 1131 1539 Caesare,
1164 1499 1202 1530 et
1232 1492 1263 1530 si
1294 1492 1390 1542 quid
1418 1493 1516 1530 forte
1545 1494 1596 1531 de

262 1558 441 1604 comitiis,
466 1560 515 1597 de
543 1572 582 1596 re
609 1558 768 1608 publica
790 1559 908 1607 (soles
929 1557 1035 1596 enim
1062 1566 1103 1595 tu
1124 1559 1221 1595 haec
1246 1557 1382 1596 festive
1409 1557 1596 1607 odorari),

262 1624 409 1662 scribas
447 1625 497 1661 ad
537 1637 625 1670 me3
668 1623 699 1661 si
733 1623 830 1660 nihil
866 1623 1042 1670 habebis,
1077 1630 1210 1661 tamen
1249 1622 1395 1661 scribas
1433 1622 1594 1673 aliquid.

266 1691 494 1739 Numquam
527 1689 633 1727 enirn
666 1688 761 1726 mihi
801 1697 868 1726 tua
906 1689 1073 1739 epistula
1111 1695 1179 1726 aut
1218 1687 1493 1738 intempestiva
1530 1695 1596 1726 aut

265 1757 408 1805 loquax
437 1755 518 1792 visa
547 1762 615 1793 est.
677 1754 851 1793 Maxime
882 1762 1014 1793 autem
1045 1767 1140 1803 rogo
1174 1754 1290 1792 rebus
1323 1753 1398 1791 tuis
1433 1761 1596 1803 totoque

264 1820 400 1858 itinere
432 1834 478 1858 ex
516 1819 711 1858 sententia
750 1821 933 1858 confecto
973 1833 1044 1858 nos
1080 1832 1198 1869 quam
1238 1818 1407 1868 primum
1439 1817 1592 1857 revisas.

267 1884 501 1934 Dionysium
524 1884 615 1923 iube
637 1886 793 1922 salvere.
857 1886 961 1923 Cura
982 1892 1024 1921 ut
1045 1885 1183 1922 valeas.

308 1986 392 2019 XV
592 1989 660 2019 Srr.
682 1989 810 2019 Romae
826 1988 859 2018 vi
873 1988 914 2018 K.
936 1987 1023 2019 Sext.
1044 1998 1073 2018 a.
1097 1997 1155 2026 700
1172 1986 1267 2026 (54).

681 2060 856 2091 CICERO
884 2059 1056 2089 ATTICO
1083 2058 1180 2089 SAL.

230 2146 246 2171 1
322 2134 382 2170 De
414 2132 636 2182 Eutychide
667 2140 819 2182 gratum
848 2131 914 2180 qui
942 2138 1071 2168 vetere
1102 2128 1367 2179 praenomine,
1398 2142 1502 2166 novo
1530 2142 1596 2167 no—

267 2197 371 2236 mine
410 2200 455 2236 T.
488 2198 558 2236 erit
599 2197 804 2243 Caecilius,
842 2204 883 2234 ut
922 2203 979 2234 est
1018 2210 1065 2234 ex
1102 2208 1166 2233 me
1204 2202 1241 2232 et
1280 2207 1326 2232 ex
1364 2201 1402 2231 te
1440 2193 1596 2231 iunctus

314 2314 325 2332 1
354 2307 450 2341 potes
464 2302 562 2333 Rom.
584 2300 773 2340 llf'cscnbmg
864 2309 879 2337 7
905 2302 1005 2336 atque
1018 2298 1117 2328 etiam
1129 2297 1203 2327 add.
1219 2296 1343 2327 Scln‘itz
1422 2307 1459 2326 12
1484 2296 1595 2336 putari

266 2345 444 2375 Ascensius
461 2357 467 2375 ε
493 2350 610 2384 putare
628 2344 684 2375 M:
720 2343 818 2374 delere
833 2342 903 2372 vult
917 2340 1039 2372 Sclziitz
1054 2352 1059 2370 τ
1086 2341 1119 2371 in
1137 2340 1293 2380 Apuliam
1318 2340 1397 2371 coni.
1417 2340 1593 2380 Pltotgers:

267 2388 467 2418 Buthrotum
489 2388 566 2460 colalzqi.
586 2387 671 2417 Boot
806 2395 843 2424 13
867 2385 1002 2415 dixeras
1028 2385 1201 2415 Fab'rnus:
1227 2384 1358 2414 dixerat
1383 2383 1424 2413 M
1557 2383 1596 2412 18

265 2432 315 2461 Tu
334 2432 414 2462 Ant.
435 2443 441 2462 z
467 2436 501 2461 ut

1613 542 1629 572 5

1616 911 1654 933 10

1618 1245 1654 1277 15

1618 1568 1658 1590 20
