1773 2651
130 197 224 234 VII.
244 196 356 233 xxiii
644 195 699 231 M.
732 193 901 230 TVLLI
933 191 1241 231 CICERONIS

282 308 457 345 Thermo
487 305 724 345 ducentibus
755 318 845 343 cum
878 302 1029 342 Domiti
1060 301 1230 341 exercitu
1255 301 1486 340 coniunctas
1513 314 1608 348 esse,

282 375 492 412 Caesarem
531 369 739 410 intercludi
778 382 894 419 posse
933 381 1105 417 eumque
1144 367 1184 406 id
1227 366 1374 413 timere,
1415 367 1611 405 bonorum

280 438 434 476 animos
456 444 648 476 recreatos
676 437 844 482 Romae,
865 434 1068 483 improbos
1089 432 1200 482 quasi
1226 433 1437 482 perculsos.
1498 433 1613 470 Haec

282 511 416 542 metuo
448 502 634 552 equidem
667 515 716 539 ne
748 500 825 538 sint
853 498 1017 546 somnia,
1049 498 1119 536 sed
1147 505 1279 535 tamen
1311 498 1377 534 Μ’.
1403 496 1611 547 Lepidum,

282 571 325 607 L.
362 571 625 618 Torquatum,
657 567 700 605 C.
738 564 919 604 Cassium
959 563 1161 601 tribunum
1196 564 1246 612 pl.
1281 561 1338 612 (hi
1378 561 1483 600 enim
1523 569 1650 606 sunt:->

281 633 501 679 nobiscum,
525 632 565 670 id
596 638 654 670 est
683 630 723 668 in
754 628 983 677 Formiano)
1008 627 1208 665 Philotimi
1238 626 1389 665 litterae
1416 627 1466 665 ad
1494 625 1612 663 vitam

281 705 571 737 revocaverunt.
634 697 719 745 Ego
748 702 881 732 autem
912 693 977 731 illa
1007 700 1142 731 metuo
1172 705 1222 729 ne
1248 691 1398 730 veriora
1427 690 1514 738 sint,
1541 704 1613 728 nos

281 763 410 802 omnis
442 776 568 812 paene
599 761 676 799 iam
712 767 849 810 captos
888 772 985 806 esse,
1022 756 1257 807 Pompeium
1298 756 1413 794 Italia
1450 757 1615 803 cedere3

282 843 401 879 quem
435 828 596 877 quidem
628 827 669 877 (o
700 839 780 863 rem
811 825 993 863 acerbam
1012 824 1037 873 1)
1067 821 1249 873 persequi
1284 823 1429 861 Caesar
1460 820 1612 860 dicitur.

284 893 469 943 Persequi
499 894 642 932 Caesar
671 889 937 940 Pompeium?
970 888 1098 938 quid?
1126 895 1168 925 ut
1195 885 1431 925 interficiat?
1487 887 1524 925 O
1552 899 1615 924 me
1639 901 1676 923 ιο

284 958 492 997 miserum!
553 959 603 995 Et
625 970 705 994 non
727 968 866 993 omnes
894 961 1026 992 nostra
1047 965 1211 1002 corpora
1241 950 1509 1002 opponimus?
1568 953 1615 989 In

284 1037 363 1073 quo
403 1031 443 1061 tu
479 1036 639 1072 quoque
674 1019 908 1070 ingemiscis.
970 1019 1048 1057 Sed
1088 1017 1185 1068 quid
1224 1016 1442 1055 faciamus?
1498 1015 1614 1063 Victi,

284 1087 471 1138 oppressi,
494 1087 597 1137 capti
619 1088 735 1136 plane
756 1098 902 1122 sumus.

242 1170 266 1196 2
340 1154 425 1202 Ego
456 1160 587 1189 tamen
619 1149 820 1188 Philotimi
850 1148 985 1187 litteris
1016 1147 1126 1186 lectis
1157 1147 1303 1186 mutavi
1331 1146 1539 1185 consilium
1566 1147 1617 1185 de

286 1217 524 1256 mulieribus.
586 1217 706 1264 Quas,
734 1222 776 1253 ut
808 1214 1037 1263 scripseram
1070 1214 1121 1251 ad
1156 1220 1205 1259 te,
1243 1214 1414 1250 Romam
1450 1211 1616 1249 remitte-
1641 1225 1649 1246 ι
1660 1225 1676 1255 5

286 1284 375 1321 bam
395 1298 402 1327 3
432 1283 503 1320 sed
519 1281 615 1319 mihi
636 1280 742 1319 venit
764 1279 802 1317 in
825 1286 998 1317 mentem
1018 1279 1185 1316 multum
1207 1278 1289 1316 fore
1309 1291 1533 1315 sermonem
1555 1290 1618 1314 me

285 1347 476 1387 iudicium
497 1347 574 1385 iam
595 1347 646 1384 de
667 1359 784 1384 causa
805 1344 963 1394 publica
984 1342 1122 1381 fecisse
1138 1357 1147 1389 3
1177 1355 1255 1392 qua
1281 1343 1487 1392 desperata
1508 1341 1618 1391 quasi

286 1415 392 1451 hunc
418 1413 583 1462 gradum
614 1411 691 1449 mei
721 1410 868 1448 reditus
898 1422 983 1447 esse
1013 1408 1121 1458 quod
1151 1407 1333 1446 mulieres
1360 1406 1616 1445 revertissent.

290 1481 350 1516 De
381 1491 444 1516 me
473 1485 605 1515 autem
636 1475 722 1525 ipso
751 1474 822 1512 tibi
853 1472 1063 1519 adsentior,
1096 1486 1146 1510 ne
1174 1485 1237 1510 me
1267 1473 1359 1510 dem
1384 1471 1555 1510 incertae
1582 1479 1620 1510 et

288 1543 530 1594 periculosae
570 1543 694 1591 fugae,
736 1553 826 1578 cum
867 1538 920 1577 rei
960 1537 1141 1588 publicae
1182 1537 1278 1575 nihil
1324 1537 1484 1587 prosim,
1523 1536 1619 1574 nihil
1643 1550 1680 1571 20

289 1607 505 1658 Pompei03
546 1620 616 1656 pro
648 1620 727 1656 quo
760 1603 881 1643 emori
913 1617 1003 1641 cum
1035 1602 1098 1652 pie
1129 1615 1290 1652 possum
1327 1610 1409 1640 tum
1443 1602 1617 1640 libenter.

292 1675 468 1712 Manebo
489 1672 613 1723 igitur,
638 1671 709 1709 etsi
731 1670 923 1708 vivere—.

247 1746 271 1782 3
345 1739 466 1787 Quod
496 1737 649 1787 quaeris
676 1735 739 1773 hic
771 1735 865 1784 quid
895 1743 1043 1785 agatur,
1064 1742 1146 1773 tota
1171 1736 1308 1784 Capua
1335 1741 1373 1772 et
1401 1732 1531 1771 omnis
1558 1732 1622 1770 hic

290 1804 457 1842 dilectus
487 1802 610 1848 iacet3
641 1802 846 1850 desperata
876 1814 935 1838 res
966 1808 1034 1847 est,
1063 1800 1101 1838 in
1132 1801 1222 1849 fuga
1251 1812 1389 1837 omnes
1419 1806 1520 1844 sunt,
1548 1796 1622 1834 nisi

291 1868 357 1919 qui
379 1870 476 1907 deus
504 1867 641 1905 iuverit
666 1875 707 1904 ut
740 1865 952 1915 Pompeius
974 1866 1065 1903 istas
1089 1864 1240 1903 Domiti
1269 1863 1403 1913 copias
1430 1877 1520 1901 cum
1542 1862 1622 1900 suis
1644 1874 1681 1904 25

291 1934 513 1982 coniungat.
574 1933 651 1970 Sed
684 1931 914 1970 videbamur
946 1930 1080 1968 omnia
1114 1930 1238 1968 biduo
1268 1929 1447 1967 triduove
1477 1927 1620 1966 scituri.

292 1998 469 2038 Caesaris
492 1998 704 2036 litterarum
728 1998 951 2046 exemplum
974 1995 1045 2033 tibi
1069 1994 1180 2041 misi3
1210 2007 1363 2044 rogaras
1384 1992 1500 2031 enim.
1548 1992 1623 2032 Cui

292 2078 363 2103 nos
384 2065 497 2101 valde
519 2063 610 2101 satis
632 2065 758 2101 facere
781 2061 892 2100 multi
913 2062 964 2099 ad
986 2074 1048 2098 me
1075 2059 1312 2109 scripserunt
1327 2073 1337 2105 3
1364 2058 1475 2107 quod
1500 2057 1625 2107 patior

292 2129 415 2175 facile,
439 2130 535 2167 dum
557 2136 598 2166 ut
619 2130 750 2166 adhuc
772 2126 868 2164 nihil
890 2125 1029 2164 faciam
1051 2124 1222 2174 turpiter.

336 2236 356 2265 8
381 2235 507 2275 paene]
536 2234 636 2273 plane
665 2232 855 2271 [Vesenbmg
998 2241 1038 2260 22
1058 2234 1133 2270 pos!
1149 2231 1263 2260 vivere
1293 2227 1407 2259 addere
1421 2227 1561 2262 ἀβίωτον
1578 2226 1628 2258 vel

293 2279 397 2309 simile
409 2279 543 2309 verbum
564 2277 722 2307 Graecum
739 2277 834 2306 velim
977 2284 1029 2313 24,
1050 2284 1091 2313 25
1116 2274 1181 2304 nisi
1207 2273 1263 2312 qui
1290 2273 1372 2302 deus
1399 2272 1519 2302 iuverit
1543 2272 1623 2301 coni.

300 2322 422 2361 Tyrrell
435 2322 501 2352 coll.
524 2321 621 2351 Fam.
642 2321 710 2350 xvi.
736 2329 784 2350 12.
805 2329 816 2348 1
840 2318 901 2357 [vel
916 2318 1037 2348 fecerit
1055 2317 1152 2357 Boot)
1170 2329 1177 2349 ε
1195 2316 1259 2349 nisi
1277 2316 1356 2355 quid
1370 2316 1442 2347 eius
1455 2315 1556 2346 fuerit
1570 2314 1625 2345 M:

296 2367 359 2397 nisi
377 2366 457 2407 quid
477 2366 549 2396 eius
567 2364 658 2396 modi
678 2363 778 2394 fuerit
802 2362 981 2393 Ascensius
999 2360 1058 2401 ted.
1077 2361 1110 2400 2)
