1773 2651
161 188 230 225 VI.
254 187 283 224 ii
630 186 686 223 M.
717 184 886 222 TVLLI
918 183 1225 223 CICERONIS

262 300 430 349 adeptae
456 298 686 337 revixerunt.
748 297 825 335 His
846 310 919 347 ego
949 297 1106 335 duobus
1132 295 1341 346 generibus
1367 297 1592 334 facultatem

261 365 312 402 ad
342 378 383 402 se
412 378 500 402 aere
529 363 659 402 alieno
686 362 908 401 liberandas
935 370 1001 400 aut
1028 363 1214 400 levandas
1244 361 1350 409 dedi,
1374 375 1455 400 uno
1483 362 1592 411 quod

262 429 426 467 omnino
454 431 583 467 nullus
611 428 650 466 in
675 427 840 477 imperio
868 441 957 466 meo
987 434 1166 477 sumptus
1193 428 1318 465 factus
1345 434 1402 465 est
1424 427 1593 477 (nullum

262 508 353 532 cum
392 494 483 533 dico
522 508 603 532 non
649 495 790 544 loquor
828 492 1112 542 ὑπερβολικῶς),
1153 494 1283 530 nullus
1329 492 1501 542 inquam,
1542 507 1592 531 ne

262 559 478 597 terruncius
500 559 672 609 quidem.
735 560 824 596 Hac
851 566 983 597 autem
1004 572 1043 597 re
1068 557 1297 596 incredibile
1321 565 1379 596 est
1400 565 1592 607 quantum
1612 571 1628 603 5

219 637 243 676 5
262 624 437 663 civitates
467 624 705 663 emerserint.
766 624 944 662 Accessit
973 625 1102 662 altera.
1165 623 1266 661 Mira
1298 630 1406 662 erant
1436 623 1475 661 in
1505 623 1594 662 civi-

262 688 406 728 tatibus
428 689 602 740 ipsorum
628 691 728 728 furta
748 690 990 728 Graecorum
1017 702 1118 739 quae
1139 688 1385 738 magistratus
1409 687 1468 726 sui
1495 690 1593 727 fece-

261 762 356 792 rant.
432 754 619 804 Quaesivi
658 754 742 804 ipse
784 755 834 793 de
877 754 922 792 iis
962 753 1029 804 qui
1067 753 1180 791 annis
1223 755 1361 793 decem
1407 754 1592 804 proximis

260 819 529 868 magistratum
561 827 771 870 gesserant.
845 821 992 869 Aperte
1026 820 1257 858 fatebantur.
1329 821 1469 869 Itaque
1508 819 1592 859 sine

260 886 338 922 ulla
377 884 592 935 ignominia
630 885 708 923 suis
749 884 892 923 umeris
932 885 1118 935 pecunias
1158 884 1313 935 populis
1348 886 1587 923 rettulerunt.
1615 900 1651 922 10

261 949 401 999 Populi
421 958 553 988 autem
576 952 684 987 nullo
700 950 847 1000 gemitu
864 950 1085 1000 publicanis
1102 950 1245 1000 quibus
1267 951 1343 988 hoc
1364 950 1449 1000 ipso
1470 952 1591 988 lustro

259 1014 355 1051 nihil
387 1017 581 1053 solverant
613 1015 731 1053 etiam
762 1015 970 1066 superioris
1001 1015 1109 1053 lustri
1145 1017 1291 1064 reliqua
1322 1015 1588 1054 reddiderunt.

261 1080 400 1129 Itaque
428 1080 649 1129 publicanis
677 1080 716 1118 in
744 1080 868 1118 oculis
896 1094 1042 1118 sumus.
1105 1080 1278 1118 ‘Gratis'
1299 1079 1428 1129 inquis
1455 1080 1590 1118 ‘viris'

259 1145 473 1184 Sensimus.
536 1147 621 1183 Iam
643 1153 772 1183 cetera
796 1145 887 1183 iuris
909 1145 1031 1183 dictio
1053 1158 1125 1183 nec
1150 1144 1330 1195 imperita
1351 1152 1388 1183 et
1416 1147 1589 1183 clemens

258 1223 349 1247 cum
369 1210 589 1248 admirabili
617 1210 824 1257 facilitate3
854 1210 983 1248 aditus
1003 1218 1135 1248 autem
1156 1211 1207 1248 ad
1235 1223 1297 1248 me
1323 1209 1484 1248 minime
1505 1223 1589 1260 pro-
1610 1224 1647 1257 15

257 1274 466 1322 vinciale33
496 1275 591 1313 nibil
613 1289 681 1326 per
697 1275 980 1314 cubicularium
999 1291 1005 1321 3
1035 1284 1125 1313 ante
1142 1277 1271 1313 lucem
1293 1275 1588 1314 inambulabam

258 1340 366 1378 domi
397 1348 437 1378 ut
468 1340 561 1378 olim
593 1340 837 1379 candidatus.
898 1342 1018 1379 Grata
1047 1342 1145 1378 haec
1175 1348 1213 1379 et
1244 1354 1385 1390 magna
1415 1340 1589 1391 miliique

258 1406 437 1443 nondum
459 1405 653 1443 laboriosa
674 1420 721 1444 ex
742 1405 805 1442 illa
825 1412 954 1443 vetere
976 1405 1123 1442 militia.

210 1474 238 1511 6
313 1469 440 1507 Nonis
474 1470 590 1508 Maiis
625 1470 664 1508 in
697 1470 877 1509 Ciliciam
912 1470 1145 1520 cogitabam.
1207 1470 1269 1510 Ibi
1302 1485 1392 1510 cum
1428 1471 1588 1510 Iunium

258 1548 434 1573 mensem
469 1535 803 1585 consumpsissem
835 1536 970 1586 (atque
999 1536 1149 1574 utinam
1179 1536 1219 1574 in
1249 1540 1369 1587 pace!
1400 1550 1587 1587 magnum
1611 1550 1649 1571 20

256 1599 361 1637 enim
401 1600 548 1638 bellum
588 1600 792 1650 impendet
830 1614 853 1638 a
895 1600 1076 1651 Parthis),
1119 1601 1338 1650 Quintilem
1378 1602 1417 1639 in
1459 1602 1586 1640 reditu

255 1677 412 1714 ponere.
473 1666 642 1703 Annuae
674 1665 779 1704 enim
812 1665 908 1703 mihi
941 1680 1083 1716 operae
1116 1680 1150 1704 a.
1182 1668 1222 1705 d.
1254 1679 1298 1704 111
1333 1668 1421 1705 Kal.
1454 1667 1584 1705 Sextil.

256 1738 487 1768 emerentur.
548 1732 695 1781 Magna
715 1739 847 1769 autem
877 1731 916 1768 in
939 1745 1007 1781 spe
1034 1745 1121 1770 sum
1149 1732 1245 1770 mihi
1273 1732 1368 1770 nihil
1399 1732 1586 1782 temporis

255 1804 505 1846 prorogatum
535 1796 590 1834 iri.
652 1797 865 1835 Habebam
899 1805 987 1835 acta
1022 1798 1172 1836 urbana
1205 1811 1330 1848 usque
1360 1798 1412 1836 ad
1447 1799 1585 1836 Nonas

256 1860 443 1907 Martia53
472 1875 493 1899 e
523 1861 667 1910 quibus
697 1861 972 1911 intellegebam
1001 1862 1184 1901 Curionis
1213 1862 1335 1901 nostri
1365 1862 1585 1901 constantia
1607 1879 1641 1910 25

255 1925 387 1963 omnia
408 1925 538 1975 potius
558 1933 690 1964 actum
712 1926 756 1964 iri
777 1940 895 1976 quam
918 1928 967 1965 de
988 1927 1208 1977 provinciis.
1261 1930 1375 1978 Ergo,
1394 1935 1435 1965 ut
1457 1942 1581 1978 spero,

255 2003 376 2040 prope
397 1990 501 2028 diem
523 1998 560 2029 te
581 1991 737 2029 videbo.

213 2062 236 2101 7
308 2055 437 2094 Venio
461 2058 511 2094 ad
534 2059 699 2094 Brutum
727 2065 850 2104 tuum,
874 2058 996 2097 immo
1023 2067 1211 2105 nostrum,
1239 2059 1294 2097 sic
1321 2059 1425 2098 enim
1447 2059 1581 2098 mavis.

257 2121 454 2171 Equidem
484 2122 618 2160 omnia
638 2122 711 2160 feci
742 2136 843 2172 quae
871 2123 979 2173 potui
1009 2132 1075 2162 aut
1097 2124 1135 2162 in
1158 2138 1245 2163 mea
1275 2124 1475 2174 provincia
1501 2139 1583 2175 per-

254 2187 368 2224 ficere
399 2194 466 2224 aut
500 2186 539 2224 in
574 2200 694 2236 regno
724 2188 897 2237 experiri.
957 2189 1078 2227 Omni
1108 2189 1222 2239 igitur
1249 2191 1370 2228 modo
1399 2190 1459 2239 egi
1489 2205 1579 2229 cum
1602 2205 1642 2235 30

253 2265 340 2301 rege
371 2259 408 2289 et
437 2265 511 2301 ago
542 2252 687 2290 cotidie
717 2266 784 2302 per
814 2253 959 2292 litteras
991 2254 1149 2293 scilicet.
1210 2257 1346 2304 Ipsum
1382 2255 1486 2294 enim
1521 2255 1581 2293 tri-

298 2364 336 2385 10
361 2355 595 2395 umeris]s0rt.
619 2357 786 2386 crumenis
902 2368 938 2387 12
964 2358 1089 2397 reliqua
1107 2359 1182 2389 add.
1201 2358 1463 2399 Il'ese11bergcoll.
1479 2360 1576 2390 Fam.

252 2397 283 2427 ii.
308 2408 354 2436 13.
377 2409 394 2435 4
532 2400 569 2428 16
594 2400 840 2430 inambulabam
857 2400 929 2431 Ber.
950 2401 1102 2432 NOPsI:
1129 2402 1368 2433 inambulando
1385 2402 1426 2432 M
1538 2413 1577 2442 31

251 2441 397 2471 triduum
418 2441 570 2472 CNHO:
594 2454 657 2472 om.
676 2442 717 2472 M
