1773 2651
572 182 684 218 EPP.
718 182 795 218 AD
825 183 1085 221 ATTICVM
1432 183 1527 219 VII.
1553 181 1598 218 iii

162 289 293 328 libere.
355 291 432 329 Sed
454 305 503 329 ne
524 291 714 330 dubitaris
735 291 829 342 quin
853 294 961 342 quod
991 293 1194 331 honestius
1216 293 1256 331 id
1278 293 1372 330 mihi
1394 294 1493 331 futu-

161 368 246 393 rum
275 354 323 393 sit
351 355 560 406 antiquius,
623 358 726 394 Nam
756 358 865 407 quod
895 365 1009 407 putas
1037 357 1168 396 utilius
1198 371 1283 396 esse
1304 360 1363 397 vel
1394 357 1491 395 mihi
1511 363 1534 400 3

160 421 270 470 quod
292 420 412 459 tutius
439 420 487 459 sit
514 422 575 459 vel
604 421 722 459 etiam
753 429 795 459 ut
824 421 877 460 rei
908 421 1089 471 publicae
1114 423 1301 472 prodesse
1329 423 1487 472 possim,

160 499 223 524 me
253 499 339 524 esse
368 499 459 524 cum
489 485 664 536 imperio,
688 486 728 524 id
758 499 889 525 coram
921 486 1259 525 considerabimus
1289 489 1404 537 quale
1429 487 1487 525 sit.

121 562 137 593 5
162 551 297 588 Habet
328 550 432 589 enim
464 565 523 589 res
553 551 907 599 deliberationem3
937 551 1009 590 etsi
1039 566 1085 590 ex
1115 559 1224 601 parte
1249 566 1390 602 magna
1420 552 1490 591 tibi

157 614 367 653 adsentior.
429 617 491 653 De
511 615 645 654 animo
668 624 801 654 autem
829 629 919 654 meo
949 630 1038 666 erga
1059 630 1140 654 rem
1165 617 1366 667 publicam
1388 618 1489 656 bene

158 679 252 717 facis
275 680 384 729 quod
406 693 486 718 non
516 679 687 727 dubitas,
710 688 749 719 et
780 680 877 719 illud
905 681 1028 730 probe
1056 680 1207 720 iudicas
1237 695 1489 732 nequaquam

157 744 249 782 satis
279 758 350 794 pro
381 744 477 783 meis
503 745 649 791 officiis,
674 759 744 794 pro
774 745 896 795 ipsius
922 745 961 783 in
986 745 1084 784 alios
1105 746 1296 785 effusione
1318 747 1426 785 illum
1449 747 1488 785 in

158 823 220 848 me
243 809 445 848 liberalem
466 809 595 855 fuisse,
619 809 782 860 eiusque
803 810 857 848 rei
882 824 1041 849 causam
1062 824 1151 849 vere
1172 811 1354 862 explicas,
1378 820 1416 850 et
1433 812 1488 851 eis

99 889 136 911 10
155 888 256 924 quae
287 876 337 913 de
368 874 492 913 Fabio
520 875 770 925 Caninioque
799 884 886 914 acta
916 876 1052 914 scribis
1076 877 1190 915 valde
1219 877 1484 915 consentiunt.

157 941 271 988 Quae
302 939 333 977 si
364 953 476 977 secus
507 947 637 978 essent
668 948 875 990 totumque
907 954 948 979 se
980 940 1044 979 ille
1076 940 1115 978 in
1141 955 1204 980 me
1234 942 1483 992 profudisset,

155 1013 286 1043 tamen
308 1004 372 1042 illa
385 1018 503 1054 quam
521 1005 657 1043 scribis
672 1014 804 1044 custos
823 1005 929 1044 urbis
951 1020 1014 1044 me
1027 1008 1248 1056 praeclarae
1269 1007 1485 1058 inscriptio-

154 1069 213 1107 nis
244 1082 461 1108 memorem
492 1083 577 1108 esse
607 1078 763 1120 cogeret
784 1084 858 1109 nec
879 1070 974 1108 mihi
996 1072 1232 1110 concederet
1254 1080 1294 1109 ut
1316 1072 1486 1110 imitarer

154 1134 386 1172 Volcacium
407 1142 475 1172 aut
496 1134 673 1173 Servium
696 1135 839 1184 quibus
861 1143 902 1173 tu
927 1149 968 1173 es
993 1144 1215 1183 contentus,
1238 1138 1308 1176 sed
1335 1137 1484 1186 aliquid

99 1212 133 1243 ¹5
154 1213 226 1237 nos
260 1201 375 1238 vellet
407 1199 522 1238 nobis
554 1199 717 1249 dignum
757 1207 795 1238 et
834 1199 976 1238 sentire
1008 1207 1046 1238 et
1079 1202 1302 1240 defendere.
1363 1204 1483 1251 Quod

152 1264 313 1313 quidem
335 1278 501 1315 agerem,
525 1264 555 1302 si
577 1264 719 1311 liceret,
742 1264 819 1303 alio
841 1266 962 1304 modo
982 1279 1028 1303 ac
1050 1279 1155 1304 nunc
1175 1267 1373 1316 agendum
1395 1275 1464 1305 est.

208 1332 268 1368 De
289 1343 359 1368 sua
379 1329 556 1380 potentia
577 1330 767 1368 dimicant
794 1330 976 1369 homines
1004 1332 1079 1369 hoc
1108 1338 1283 1381 tempore
1309 1332 1483 1382 periculo
1502 1349 1527 1385 4

150 1394 326 1433 civitatis.
388 1396 491 1432 Nam
524 1394 554 1432 si
587 1409 646 1433 res
681 1395 839 1445 publica
870 1395 1104 1441 defenditur,
1142 1410 1210 1434 cur
1241 1410 1287 1435 ea
1320 1400 1483 1436 consule

150 1460 224 1498 isto
250 1459 335 1510 ipso
366 1461 528 1498 defensa
555 1473 635 1497 non
665 1462 755 1498 est?
795 1474 863 1498 cur
890 1474 962 1510 ego
993 1460 1032 1498 in
1058 1460 1168 1499 cuius
1193 1475 1311 1500 causa
1335 1462 1387 1500 rei
1416 1477 1482 1513 pu-

91 1540 129 1561 20
150 1524 275 1563 blicae
305 1526 409 1562 salus
439 1524 678 1563 consistebat
708 1526 894 1564 defensus
926 1534 1084 1575 postero
1113 1540 1219 1564 anno
1250 1541 1331 1566 non
1366 1531 1483 1567 sum?

149 1603 217 1627 cur
247 1589 453 1639 imperium
485 1589 538 1627 illi
570 1598 637 1628 aut
669 1604 738 1628 cur
765 1590 831 1628 illo
864 1592 986 1629 modo
1016 1599 1267 1641 prorogatum
1297 1595 1386 1631 est?
1414 1607 1482 1631 cur

150 1662 259 1692 tanto
289 1668 407 1704 opere
436 1662 654 1704 pugnaturn
685 1663 742 1693 est
772 1663 814 1693 ut
844 1656 894 1693 de
918 1655 1001 1694 eius
1027 1656 1202 1695 absentis
1234 1657 1383 1696 ratione
1418 1660 1482 1696 ha-

149 1718 280 1757 benda
300 1720 439 1758 decem
461 1719 606 1757 tribuni
632 1721 681 1769 pl.
706 1721 878 1759 ferrent?
936 1720 1013 1758 His
1034 1720 1097 1759 ille
1118 1721 1234 1760 rebus
1260 1722 1312 1761 ita
1341 1737 1481 1762 conva-
1529 1745 1531 1747 ·

147 1783 217 1822 luit
238 1792 280 1821 ut
300 1797 407 1822 nunc
428 1784 467 1821 in
489 1797 568 1822 uno
589 1785 662 1822 civi
684 1799 773 1835 spes
793 1787 845 1824 ad
861 1785 1122 1824 resistendum
1136 1787 1209 1835 sit;
1238 1788 1305 1838 qui
1322 1790 1479 1828 mallem

91 1860 125 1890 25
147 1856 273 1886 tantas
294 1848 329 1886 ei
349 1848 438 1886 viris
459 1862 539 1887 non
560 1849 733 1888 dedisset
755 1864 872 1900 quam
895 1864 1000 1889 nunc
1018 1859 1096 1889 tam
1113 1853 1255 1890 valenti
1274 1853 1476 1893 resisteret.

147 1914 224 1952 Sed
245 1913 432 1963 quoniam
454 1927 513 1952 res
534 1928 581 1952 eo
602 1915 774 1953 deducta
793 1923 862 1962 est,
885 1930 965 1953 non
987 1929 1183 1965 quaeram,
1207 1926 1249 1956 ut
1269 1919 1416 1966 scribis,
1500 1936 1524 1973 5

439 1982 520 2017 Ποῦ
549 1980 696 2028 σκάφος
723 1982 765 2018 τὸ
793 1984 864 2018 τῶν
891 1981 1084 2031 Ἀτρειδῶν
1098 2000 1109 2025 ‚·

148 2043 242 2081 mihi
265 2045 412 2092 σκάφος
434 2058 556 2082 unum
574 2044 644 2082 erit
659 2047 767 2094 quod
788 2059 810 2083 a
833 2046 1025 2096 Pompeio
1038 2047 1330 2096 gubernabitur.
1375 2051 1479 2088 Illud

146 2108 274 2158 ipsum
323 2109 432 2158 quod
479 2108 549 2155 ais,
599 2109 730 2158 ‘Quid
781 2111 857 2157 fiet,
908 2124 998 2148 cum
1049 2111 1120 2150 erit
1171 2112 1334 2160 dictum,
1385 2116 1477 2162 ch,

87 2185 125 2214 30
148 2174 202 2210 M.
227 2174 647 2222 TVLL1?'—m<v†0¹ua‚
675 2175 772 2213 ‘CN.
798 2176 990 2213 ΡΟΜΡΕΙΟ
1012 2179 1274 2215 ADSENTIOR.'
1341 2180 1477 2228 Ipsum

189 2286 208 2314 3
231 2277 321 2315 quod
338 2277 388 2307 E:
415 2287 481 2316 quo
498 2277 585 2307 codd.
606 2281 669 2308 cett.
878 2280 899 2308 6
923 2279 1096 2310 adsentior
1113 2279 1186 2312 M²:
1212 2282 1368 2312 adsentio
1384 2284 1474 2315 codd.

146 2321 201 2350 vix
216 2324 300 2358 recte,
320 2320 378 2350 sed
390 2321 427 2359 cf.
445 2321 489 2350 ix.
505 2331 533 2358 9.
553 2331 564 2350 1
585 2325 614 2350 et
629 2321 716 2351 Neue
733 2323 739 2337 ‘
754 2321 999 2353 Formenlelzre’
1028 2323 1090 2354 iii3.
1106 2329 1140 2363 p.
1161 2334 1198 2363 19
1347 2337 1385 2357 10
1405 2332 1478 2367 post

146 2364 364 2394 consentiunt
388 2363 526 2394 addend.
553 2375 639 2403 quae
663 2365 704 2394 de
730 2375 782 2395 me
803 2370 878 2396 acta
902 2371 981 2396 sunt
998 2367 1077 2397 coni.
1102 2366 1291 2409 lVesenbetg
1439 2381 1477 2410 19

146 2406 229 2446 isto]
255 2407 312 2436 illo
338 2406 368 2437 O
389 2406 576 2447 Wesenberg
713 2419 753 2446 24
778 2418 858 2447 spes
875 2433 882 2440 .
903 2434 910 2440 .
939 2434 945 2440 .
978 2410 1022 2440 sit
1046 2409 1182 2449 Ernesti,
1209 2412 1245 2451 cs.
1275 2423 1326 2444 xv,
1351 2424 1403 2445 20.
1434 2425 1476 2445 2:

147 2461 201 2481 res
219 2475 225 2481 .
247 2475 253 2481 .
276 2474 281 2479 .
301 2451 342 2480 sit
360 2450 446 2481 codd.
467 2462 473 2481 :
498 2451 587 2481 vires
605 2475 611 2481 .
632 2475 639 2481 .
662 2475 668 2482 .
687 2452 755 2482 sint
780 2452 899 2483 Klots:
924 2453 974 2483 vis
993 2478 998 2484 .
1014 2477 1021 2484 .
1042 2477 1049 2484 .
1070 2454 1113 2485 sit
1133 2454 1317 2487 Gronovius

190 2504 250 2524 crc.
272 2504 318 2523 AD
335 2503 407 2525 ATT.
1349 2498 1388 2531 14
