1732 2661
594 181 705 216 EPP.
739 180 815 216 AD
847 178 1107 216 ATTICVM
1492 177 1521 213 Ι.
1545 185 1575 211 Χ

199 290 281 328 eius
307 290 359 328 rei
389 298 495 328 tuam
524 289 744 339 perspicere
771 288 916 327 videor.
980 290 1071 326 Hoc
1104 295 1141 325 te
1174 287 1397 336 intellegere
1428 287 1534 333 volo,

197 356 432 405 pergraviter
466 355 575 392 illum
616 369 700 393 esse
733 356 953 400 offensum3
997 355 1066 392 sed
1099 353 1191 402 quia
1227 354 1373 390 nullam
1416 351 1533 390 video

195 434 353 470 gravem
376 421 538 458 subesse
563 434 737 467 causam,
760 433 903 469 magno
925 432 1042 468 opere
1065 419 1225 456 confido
1246 417 1355 455 illum
1385 418 1466 456 fore
1492 416 1531 455 in

197 485 327 524 officio
348 493 386 523 et
407 485 446 522 in
468 493 600 523 nostra
621 493 826 535 potestate.

158 566 174 597 5
249 550 367 599 Signa
389 558 521 588 nostra
542 558 580 588 et
613 551 901 596 Hermeraclas,
925 557 967 587 ut
999 548 1148 596 scribis,
1170 562 1260 586 cum
1293 547 1530 586 commodis·
1549 560 1573 597 3

193 614 291 652 sime
320 614 465 664 poteris
496 614 612 653 velim
644 614 836 664 imponas,
870 621 907 652 et
935 613 965 651 si
999 614 1107 662 quod
1142 613 1249 651 aliud
1280 615 1413 650 οἰκεῖον
1446 612 1530 650 eius

192 679 267 717 loci
290 693 407 729 quem
430 693 509 717 non
538 679 692 729 ignoras
723 679 890 729 reperies
916 686 953 717 et
979 678 1148 716 maxime
1176 691 1277 728 quae
1305 677 1374 716 tibi
1405 679 1530 727 palae-

191 751 291 782 strae
311 744 569 795 gymnasique
590 744 829 782 videbuntur
854 757 949 782 esse.
1013 743 1170 781 Etenim
1193 743 1246 781 ibi
1268 744 1409 781 sedens
1431 744 1529 780 haec

190 810 240 847 ad
272 817 308 847 te
340 809 558 847 scribebam
594 817 635 846 ut
667 823 730 847 me
763 810 872 847 locus
905 808 988 858 ipse
1022 809 1263 846 admoneret.
1325 810 1528 845 Praeterea

136 890 171 911 10
191 882 303 924 typos
326 874 395 913 tibi
418 876 565 913 mando
587 888 687 924 quos
705 874 743 912 in
767 874 931 912 tectorio
952 873 1076 911 atrioli
1098 873 1245 924 possim
1267 873 1468 912 includere
1489 880 1527 911 et

190 940 360 989 putealia
396 939 560 990 sigillata
592 941 683 978 duo.
758 939 1046 978 Bibliothecam
1079 947 1186 977 tuam
1217 952 1310 977 cave
1341 938 1524 988 cuiquam
1544 947 1570 984 4

190 1005 452 1054 despondeas,
476 1004 654 1054 quamvis
686 1018 815 1043 acrem
841 1012 1057 1042 amatorem
1084 1003 1302 1051 inveneris;
1332 1017 1423 1041 nam
1452 1016 1525 1053 ego

189 1069 317 1107 omnis
340 1083 448 1108 meas
469 1069 729 1108 vindemiolas
751 1083 798 1108 eo
821 1082 974 1108 reservo
996 1076 1037 1107 ut
1058 1069 1154 1107 illud
1175 1069 1394 1108 subsidium
1417 1083 1524 1108 sene-

147 1162 150 1166 ,
189 1134 284 1172 ctuti
306 1148 450 1184 parem.

133 1214 166 1246 15
244 1200 305 1237 De
326 1201 440 1238 fratre
462 1202 622 1239 confido
655 1200 707 1239 ita
737 1213 822 1239 esse
853 1207 895 1238 ut
925 1213 1079 1250 semper
1109 1199 1214 1238 volui
1245 1207 1281 1238 et
1312 1199 1519 1238 elaboravi.
1542 1203 1565 1241 5

189 1265 316 1303 Multa
343 1265 453 1316 signa
480 1275 570 1304 sunt
599 1267 682 1305 eius
714 1266 780 1313 rei,
802 1279 882 1304 non
909 1265 1116 1303 minimum
1143 1267 1251 1314 quod
1279 1279 1387 1304 soror
1417 1279 1522 1315 prae-

184 1342 280 1378 gnas
308 1338 376 1367 est.
439 1332 500 1369 De
528 1331 696 1369 comitiis
726 1330 822 1369 meis
850 1338 888 1369 et
915 1330 986 1368 tibi
1017 1344 1079 1368 me
1109 1330 1330 1379 permisisse
1358 1330 1519 1368 memini
1540 1329 1567 1366 6

185 1400 222 1430 et
237 1407 309 1444 ego
326 1394 402 1432 iam
424 1395 575 1444 pridem
599 1397 674 1434 hoc
697 1395 976 1433 communibus
993 1394 1129 1433 amicis
1146 1395 1213 1444 qui
1235 1402 1272 1433 te
1293 1404 1520 1445 exspectant

185 1458 378 1507 praedico,
403 1467 441 1498 te
462 1474 543 1498 non
565 1462 686 1499 modo
708 1474 789 1499 non
811 1460 953 1499 arcessi
971 1474 992 1498 a
1014 1474 1077 1498 me
1099 1461 1167 1498 sed
1185 1460 1396 1509 prohiberi,
1410 1461 1518 1510 quod

127 1539 165 1560 22
184 1522 406 1574 intellegam
441 1527 565 1564 multo
601 1526 723 1576 magis
749 1526 936 1564 interesse
966 1534 1032 1563 tua
1059 1534 1097 1563 te
1128 1539 1240 1575 agere
1270 1526 1379 1575 quod
1405 1539 1518 1574 agen-

184 1589 278 1626 dum
296 1598 353 1627 est
374 1591 450 1628 hoc
464 1598 640 1641 tempore
662 1605 780 1641 quam
803 1605 890 1629 mea
911 1599 948 1629 te
969 1593 1108 1629 adesse
1124 1590 1303 1629 comitiis.
1346 1591 1518 1629 Proinde

183 1667 230 1691 eo
255 1655 388 1693 animo
415 1663 452 1694 te
474 1657 589 1694 velim
611 1670 696 1695 esse
717 1656 827 1706 quasi
854 1657 930 1695 mei
957 1657 1089 1707 negoti
1116 1670 1234 1695 causa
1259 1656 1297 1694 in
1328 1656 1401 1694 ista
1430 1658 1517 1695 loca

182 1719 323 1757 missus
369 1734 500 1767 esses3
544 1735 606 1760 me
649 1729 783 1760 autem
823 1736 913 1760 eum
961 1730 998 1760 et
1044 1724 1221 1760 offendes
1264 1736 1353 1772 erga
1395 1730 1432 1760 te
1477 1730 1515 1761 et

181 1784 317 1822 audies
338 1785 449 1834 quasi
479 1786 575 1823 mihi
605 1786 636 1824 si
667 1800 767 1836 quae
796 1794 906 1836 parta
936 1795 1047 1825 erunt
1078 1801 1158 1825 non
1190 1788 1312 1825 modo
1342 1795 1380 1825 te
1410 1800 1515 1837 prae-

124 1864 159 1895 25
181 1856 291 1886 sente
320 1851 389 1887 sed
420 1864 488 1900 per
517 1859 554 1889 te
585 1859 693 1900 parta
723 1851 809 1889 sint.
871 1852 1042 1891 Tulliola
1070 1852 1139 1891 tibi
1170 1852 1274 1891 diem
1298 1854 1374 1899 dat,
1399 1866 1513 1903 spon-

181 1926 307 1951 sorem
330 1928 386 1951 me
404 1917 584 1965 appellat.

223 2021 288 2056 XI
460 2024 526 2057 Srr.
549 2026 675 2056 Romae
693 2039 736 2058 m.
759 2027 871 2066 Quinl.
893 2031 952 2058 ant
968 2027 1056 2060 Sext.
1078 2039 1108 2059 a.
1128 2031 1190 2068 687
1210 2029 1289 2069 (67).

593 2098 767 2128 CICERO
792 2098 964 2130 ATTICO
991 2100 1089 2130 SAL.

232 2169 282 2205 Et
310 2182 397 2206 mea
426 2177 566 2219 sponte
596 2170 788 2208 faciebam
818 2179 934 2209 antea
963 2179 1000 2209 et
1031 2180 1118 2222 post
1148 2173 1301 2210 duabus
1329 2171 1503 2221 epistulis
1523 2181 1539 2207 1

117 2244 158 2275 30
177 2231 253 2270 tuis
274 2233 548 2283 perdiligenter
569 2234 608 2271 in
629 2236 797 2273 eandem
828 2235 1018 2274 rationem
1047 2236 1198 2286 scriptis
1224 2249 1366 2286 magno
1388 2250 1505 2286 opere

218 2344 236 2372 5
255 2335 343 2372 euml
359 2345 424 2374 quo
440 2336 611 2371 Cormdus,
627 2337 692 2368 coll.
709 2339 736 2368 8.
753 2338 843 2377 2fin.
923 2339 944 2367 6
961 2338 1039 2377 quid
1057 2337 1243 2378 Wesenbmg
1324 2348 1362 2378 19
1379 2340 1503 2369 arcessi

174 2388 193 2407 a
210 2388 262 2408 me
281 2380 339 2409 sed
357 2380 526 2418 prohiberi
545 2380 590 2410 C:
617 2391 785 2411 arcessam
807 2382 867 2412 sed
888 2382 1074 2421 prohibebo
1096 2381 1136 2410 M
1149 2382 1329 2420 Hosmamz
1463 2393 1505 2412 20

174 2421 334 2460 intellego
351 2422 548 2461 Hofmamz:
575 2424 737 2463 -legerem
755 2424 842 2454 Reid
937 2436 973 2455 21
1001 2431 1051 2455 est
1070 2424 1162 2455 Man.
1177 2437 1182 2456 :
1210 2431 1299 2455 esset
1317 2425 1403 2456 codd.
1421 2425 1507 2455 Reid

173 2474 212 2502 23
237 2465 345 2506 esses]
365 2467 409 2496 sis
428 2465 614 2507 PVescnbetg
710 2469 752 2497 26
776 2479 827 2498 me
845 2468 922 2499 add.
939 2469 1037 2498 Klots
1053 2481 1059 2499 :
1085 2479 1151 2498 non
1169 2468 1243 2499 add.
1261 2467 1315 2497 M²
