1773 2651
166 165 242 202 III.
262 175 323 201 xv
635 168 689 204 M.
722 169 890 205 TVLLI
922 169 1228 208 CICERONIS

266 289 289 313 a
320 290 383 315 me
416 276 540 326 ipsam
577 277 887 317 incolumitatem
920 279 1131 318 desiderari
1165 282 1308 330 putas?
1356 282 1461 320 Nolo
1493 295 1595 320 com-

267 356 483 382 memorare
504 344 647 394 quibus
675 345 790 383 rebus
821 345 892 383 sim
922 346 1121 396 spoliatus,
1144 360 1225 385 non
1253 348 1380 385 solum
1402 346 1493 396 quia
1515 361 1595 385 non

266 407 419 457 ignoras
448 410 517 447 sed
542 409 658 446 etiam
690 423 739 447 ne
768 409 987 448 rescindam
1018 410 1102 460 ipse
1126 412 1303 450 dolorem
1332 425 1490 459 meumg
1519 413 1595 450 hoc

265 474 457 511 confirmo
502 487 631 523 neque
670 474 786 512 tantis
829 475 944 513 bonis
992 489 1076 514 esse
1122 476 1315 526 privatum
1355 490 1594 526 quemquam

266 550 394 586 neque
416 537 455 575 in
477 546 603 576 tantas
631 538 803 577 miserias
828 539 1023 578 incidisse.
1086 541 1181 579 Dies
1208 549 1339 579 autem
1368 554 1447 579 non
1475 542 1596 579 modo
1617 553 1633 583 5

266 615 345 639 non
363 604 463 640 levat
480 604 629 640 luctum
650 605 756 642 hunc
777 605 846 642 sed
867 604 984 642 etiam
1005 613 1130 655 auget.
1182 607 1285 643 Nam
1307 606 1423 644 ceteri
1440 608 1596 644 dolores

266 666 491 716 mitigantur
512 676 712 714 vetustate,
738 669 801 706 hic
826 683 906 707 non
934 678 1062 719 potest
1084 684 1164 708 non
1185 679 1222 708 et
1244 684 1360 709 sensu
1382 670 1596 720 praesentis

266 731 443 770 miseriae
482 742 519 771 et
554 734 825 772 recordatione
865 735 1093 784 praeteritae
1128 735 1229 773 vitae
1267 736 1413 774 cotidie
1451 736 1593 785 augeri.

268 796 460 835 Desidero
481 798 586 836 enim
612 812 692 837 non
720 812 808 837 mea
832 801 959 838 solum
987 813 1117 850 neque
1144 814 1254 839 meos
1279 802 1348 840 sed
1370 815 1432 839 me
1454 801 1592 851 ipsum.

266 861 373 910 Quid
407 863 512 900 enim
546 865 663 901 sum?
710 865 788 903 Sed
823 878 903 903 non
939 865 1079 904 faciam
1109 872 1152 905 ut
1180 874 1247 904 aut
1276 874 1387 904 tuum
1417 867 1594 904 animum
1618 879 1656 900 10

264 940 404 976 angam
426 928 593 978 querelis
613 937 680 967 aut
701 930 798 968 meis
820 930 1045 969 vulneribus
1071 930 1226 982 saepius
1248 945 1386 969 manus
1407 933 1591 970 adferam.

265 993 368 1030 Nam
397 995 505 1043 quod
532 1008 672 1044 purgas
700 1009 767 1033 eos
789 1009 888 1045 quos
912 1009 985 1045 ego
1013 996 1110 1034 mihi
1134 996 1269 1046 scripsi
1290 996 1476 1035 invidisse
1497 1005 1534 1035 et
1555 997 1594 1035 in

263 1057 318 1095 eis
348 1060 554 1106 Catonem,
585 1074 658 1110 ego
688 1074 778 1099 vero
811 1069 963 1099 tantum
996 1061 1106 1099 illum
1138 1070 1235 1112 puto
1264 1062 1315 1099 ab
1346 1062 1420 1100 isto
1451 1064 1595 1101 scelere

262 1124 404 1163 afuisse
425 1132 466 1162 ut
488 1125 655 1164 maxime
675 1127 833 1165 doleam
855 1128 941 1176 plus
968 1129 1075 1177 apud
1104 1142 1166 1166 me
1193 1127 1484 1166 simulationem
1505 1127 1596 1165 alio-

265 1203 350 1226 rum
377 1203 496 1239 quam
524 1190 632 1228 istius
660 1192 780 1229 fidem
801 1191 977 1230 valuisse.
1039 1194 1201 1232 Ceteros
1222 1193 1330 1242 quod
1358 1206 1508 1242 purgas,
1532 1194 1596 1230 de·
1620 1203 1654 1235 15

222 1265 246 1303 3
267 1255 361 1293 bent
382 1255 478 1293 mihi
499 1255 653 1305 probati
673 1270 768 1303 esse,
789 1256 858 1295 tibi
880 1257 911 1295 si
934 1265 1033 1295 sunt.
1095 1259 1172 1296 Sed
1194 1259 1290 1296 haec
1313 1271 1398 1296 sero
1419 1258 1580 1308 agimus.

319 1321 449 1360 Crassi
478 1321 661 1360 libertum
692 1321 788 1359 nihil
818 1330 914 1372 puto
949 1322 1098 1361 sincere
1128 1324 1315 1361 locutum.
1379 1325 1426 1361 In
1457 1331 1594 1361 senatu

262 1400 343 1425 rem
383 1387 505 1436 probe
549 1386 686 1426 scribis
728 1395 867 1425 actam.
942 1389 1019 1426 Sed
1064 1387 1159 1438 quid
1199 1388 1351 1428 Curio?
1398 1402 1448 1426 an
1488 1388 1593 1425 illam

262 1452 479 1491 orationem
514 1467 595 1491 non
627 1453 748 1503 legit?
783 1467 884 1503 quae
916 1455 1021 1493 unde
1056 1454 1104 1492 sit
1134 1456 1283 1504 prolata
1312 1453 1455 1492 nescio.
1516 1454 1593 1491 Sed

261 1517 384 1556 Axius
418 1518 595 1558 eiusdem
630 1519 709 1558 diei
744 1520 918 1558 scribens
952 1521 1003 1557 ad
1042 1533 1105 1558 me
1138 1527 1225 1557 acta
1259 1533 1340 1557 non
1375 1519 1427 1556 ita
1461 1519 1593 1556 laudat
1615 1530 1655 1551 20

262 1584 487 1623 Curionem.
549 1587 601 1623 At
635 1593 764 1636 potest
798 1585 862 1624 ille
895 1585 1045 1635 aliquid
1079 1584 1396 1636 praetermittere,
1431 1591 1482 1629 tu,
1520 1583 1592 1621 nisi

262 1650 370 1698 quod
405 1658 495 1695 erat,
531 1651 707 1699 profecto
741 1664 822 1689 non
857 1650 1054 1700 scripsisti.
1115 1649 1301 1687 Varronis
1341 1662 1468 1687 sermo
1503 1648 1593 1686 facit

263 1715 595 1764 exspectationem
618 1716 805 1754 Caesaris.
867 1718 998 1765 Atque
1023 1715 1173 1754 utinam
1201 1714 1283 1765 ipse
1299 1716 1422 1751 Varro
1447 1713 1594 1751 incum-

262 1781 329 1818 bat
366 1780 406 1817 in
446 1784 628 1818 causam!
677 1782 786 1830 quod
820 1782 996 1831 profecto
1031 1794 1121 1818 cum
1161 1793 1230 1818 sua
1264 1786 1404 1829 sponte
1438 1785 1521 1816 tum
1557 1786 1594 1816 te

264 1844 433 1883 instante
462 1845 587 1883 faciet.
1615 1856 1652 1888 25

219 1921 245 1958 4
319 1912 404 1960 Ego
431 1910 461 1948 si
490 1924 553 1948 me
579 1911 794 1960 aliquando
817 1911 932 1950 vestri
953 1919 990 1949 et
1011 1910 1158 1960 patriae
1185 1916 1410 1959 compotem
1438 1909 1593 1946 fortuna

263 1976 407 2022 fecerit,
433 1984 537 2015 certe
567 1977 731 2015 efficiam
762 1985 803 2015 ut
834 1977 1002 2015 maxime
1031 1978 1172 2014 laetere
1203 1988 1303 2013 unus
1332 1988 1378 2012 ex
1408 1973 1592 2012 omnibus

262 2041 398 2079 amicis
428 2055 595 2092 meaque
623 2042 751 2080 officia
774 2050 811 2080 et
833 2041 963 2080 studia
987 2055 1087 2092 quae
1112 2054 1249 2091 parum
1274 2047 1389 2078 antea
1412 2041 1592 2077 luxerunt

262 2106 482 2155 (fatendum
508 2115 565 2145 est
587 2107 710 2157 enim)
739 2107 793 2145 sic
818 2120 1007 2156 exsequar
1027 2114 1069 2144 ut
1091 2119 1154 2143 me
1180 2118 1305 2154 aeque
1326 2103 1397 2141 tibi
1416 2117 1463 2141 ac
1487 2102 1591 2140 fratri

260 2178 297 2208 et
319 2170 448 2209 liberis
479 2171 620 2209 nostris
646 2171 864 2209 restitutum
887 2179 1010 2221 putes.
1071 2170 1109 2209 Si
1132 2169 1226 2219 quid
1248 2169 1287 2206 in
1308 2176 1345 2206 te
1366 2167 1525 2218 peccavi
1545 2181 1592 2205 ac
1614 2182 1654 2212 30

303 2284 322 2312 3
348 2276 537 2305 rescindam
567 2275 743 2305 Graevius:
777 2275 929 2305 scindam
957 2273 1044 2305 codd.
1062 2286 1067 2305 :
1106 2273 1281 2303 incendam
1310 2272 1358 2302 vel
1383 2270 1488 2301 simsle
1513 2269 1595 2310 quid

259 2320 337 2348 coni.
359 2317 446 2348 Reid
565 2328 602 2347 12
627 2319 747 2357 scripsi
765 2317 918 2349 E02M-'2
945 2318 1055 2347 scribo
1073 2316 1125 2347 M]
1144 2328 1151 2346 :
1178 2317 1295 2346 scribis
1312 2315 1433 2344 NHPs
1552 2323 1589 2351 15

259 2361 349 2399 quod
363 2359 402 2390 Zl
417 2361 444 2390 L
462 2362 641 2402 (ma›g.)v.
659 2373 680 2391 s.
702 2373 707 2391 ε
726 2372 810 2400 quos
826 2365 879 2391 ΣΔ
972 2362 1010 2390 16
1035 2360 1166 2399 probati
1185 2357 1361 2389 ZENOPs
1373 2357 1564 2398 MQnarg.)
1583 2367 1589 2386 :

260 2406 393 2443 purgati
419 2404 522 2443 Hslql,
541 2405 582 2444 cf.
598 2404 775 2435 Lehmann
793 2406 799 2420 ¹
815 2404 899 2435 Am
913 2409 945 2444 p.
970 2414 1028 2443 195
