1732 2661
150 164 179 200 I.
204 163 263 200 xii
588 165 642 201 M.
675 164 842 200 TVLLI
875 164 1181 202 CICERONIS

217 282 411 312 servatum
442 282 478 312 et
506 275 692 312 eductum
710 288 719 319 3
749 287 829 311 rem
851 286 936 311 esse
957 272 1097 323 insigni
1127 273 1296 312 infamia.
1358 275 1480 324 Quod
1509 282 1546 315 te

217 340 381 378 moleste
402 340 498 377 ferre
520 346 625 376 certo
647 337 738 376 scio.

170 416 196 454 4
271 404 379 453 Quid
406 411 604 453 praeterea
631 404 681 441 ad
707 411 744 441 te
773 403 940 441 scribam
969 417 1049 441 non
1076 404 1217 450 habeo,
1241 412 1278 442 et
1299 418 1362 442 me
1389 406 1546 443 hercule

215 482 319 507 eram
344 468 384 505 in
411 468 622 506 scribendo
657 467 937 506 conturbatior.
1010 470 1114 506 Nam
1142 482 1238 518 puer
1265 469 1424 507 festivus
1457 483 1546 507 ana-

211 541 371 583 gnostes
401 540 532 570 noster
562 532 765 570 Sositheus
787 533 1007 570 decesserat
1029 547 1171 582 meque
1199 535 1286 582 plus
1307 547 1425 583 quam
1447 534 1544 572 servi
1566 549 1582 579 5

213 611 317 636 mors
347 597 492 635 debere
522 596 727 635 videbatur
758 605 1036 635 commoverat.
1097 599 1160 635 Tu
1190 598 1306 636 velim
1342 612 1461 648 saepe
1494 600 1544 637 ad

211 675 284 701 nos
323 662 478 700 scribas.
539 661 577 699 Si
624 674 704 699 rem
744 663 892 698 nullam
932 661 1108 707 habebis,
1150 664 1258 712 quod
1297 662 1337 700 in
1377 663 1544 700 buccam

210 726 359 766 venerit
389 725 558 764 scribito.
622 727 708 764 Kal.
746 725 937 764 Ianuariis
978 727 1033 763 M.
1070 728 1265 773 Messalla,
1310 729 1364 764 M.
1401 727 1544 765 Pisone

210 804 307 830 COSS.

252 910 367 945 XIII
539 911 606 944 Scr.
628 912 757 943 Romae
773 913 806 943 vi
821 913 862 943 K.
885 912 973 943 Febr.
994 923 1025 944 a.
1047 914 1105 953 ⁶9}
1125 913 1202 953 (61).
1564 914 1603 936 10

626 999 800 1031 CICERO
827 1000 999 1031 ATTICO
1027 999 1124 1032 SAL.

172 1096 188 1123 1
261 1088 410 1139 Accepi
432 1096 517 1127 tuas
539 1088 605 1127 tris
626 1088 703 1126 iam
725 1088 921 1138 epistulas,
948 1102 1068 1127 unam
1089 1103 1111 1127 a
1134 1091 1189 1127 M.
1215 1088 1400 1129 Cornelio
1421 1103 1540 1139 quam

207 1154 352 1193 Tribus
379 1153 583 1200 Tabernis,
614 1162 655 1192 ut
686 1154 837 1204 opinor,
867 1154 901 1192 ei
929 1154 1084 1201 dedisti,
1114 1156 1275 1193 alteram
1300 1168 1418 1204 quam
1444 1154 1541 1192 mihi

207 1220 433 1260 Canusinus
465 1228 554 1258 tuus
587 1221 731 1269 hospes
759 1219 941 1266 reddidit,
972 1220 1125 1258 tertiam
1156 1234 1287 1270 quam,
1316 1228 1359 1258 ut
1390 1220 1536 1267 scribis,

205 1301 352 1326 ancora
381 1288 509 1325 soluta
539 1287 588 1325 de
618 1288 782 1336 phaselo
812 1285 955 1325 dedisti
970 1300 980 1333 3
1010 1299 1111 1335 quae
1141 1287 1298 1323 fuerunt
1325 1298 1474 1331 omnes,
1497 1291 1543 1322 ut
1563 1302 1597 1332 15

205 1354 405 1390 rhetorum
444 1351 553 1401 pueri
593 1352 816 1400 loquuntur,
852 1364 942 1389 cum
981 1349 1235 1388 humanitatis
1270 1363 1425 1400 sparsae
1459 1351 1539 1388 sale

205 1425 288 1455 tum
314 1416 485 1466 insignes
515 1415 659 1454 amoris
690 1415 803 1454 notis.
864 1415 1021 1463 Quibus
1046 1414 1222 1465 epistulis
1245 1428 1330 1452 sum
1352 1414 1536 1464 equidem

203 1484 275 1522 abs
298 1491 334 1521 te
356 1482 557 1521 lacessitus
578 1483 629 1520 ad
656 1482 976 1528 rescribendum,
1006 1482 1076 1519 sed
1102 1480 1250 1519 idcirco
1281 1493 1368 1518 sum
1393 1479 1539 1517 tardior

204 1549 314 1598 quod
335 1561 415 1586 non
437 1547 594 1586 invenio
616 1548 773 1585 fidelem
796 1546 1051 1585 tabellarium.
1113 1547 1270 1594 Quotus
1300 1544 1406 1583 enim
1436 1544 1537 1594 quis-

203 1627 281 1663 que
308 1620 366 1651 est
393 1612 460 1662 qui
481 1612 687 1662 epistulam
709 1613 827 1662 paulo
848 1611 1063 1661 graviorem
1085 1613 1182 1650 ferre
1210 1610 1333 1661 possit
1354 1609 1427 1647 nisi
1449 1622 1535 1647 eam
1557 1625 1595 1646 20

204 1677 440 1728 pellectione
489 1677 693 1715 relevarit?
754 1677 920 1715 Accedit
960 1690 1008 1715 eo
1047 1677 1157 1726 quod
1197 1675 1293 1713 mihi
1337 1678 1451 1720 non†,
1493 1681 1536 1712 ut

203 1743 370 1793 quisque
391 1743 431 1780 in
454 1741 616 1792 Epirum
634 1742 902 1792 proficiscitur.
946 1744 1032 1792 Ego
1048 1742 1154 1780 enirn
1176 1749 1213 1779 te
1233 1740 1398 1778 arbitror
1412 1738 1535 1777 caesis

202 1810 309 1858 apud
344 1809 595 1846 Amaltheam
630 1815 737 1845 tuam
771 1806 939 1845 victimis
970 1807 1100 1845 statim
1131 1820 1215 1845 esse
1245 1807 1295 1844 ad
1326 1804 1533 1854 Sicyonem

203 1874 515 1924 oppugnandum
554 1874 774 1922 profectum
810 1886 939 1922 neque
974 1880 1106 1911 tamen
1146 1872 1185 1910 id
1220 1871 1348 1921 ipsum
1383 1877 1532 1908 certum

203 1940 333 1977 habeo
360 1939 521 1988 quando
541 1939 591 1976 ad
613 1938 834 1977 Antonium
863 1938 1110 1989 proficiscare
1140 1944 1206 1974 aut
1233 1935 1329 1985 quid
1350 1934 1389 1972 in
1412 1934 1532 1984 Epiro
1555 1946 1590 1977 ²5

203 2003 390 2054 temporis
429 2017 563 2054 ponas.
642 2005 703 2042 Ita
742 2017 871 2054 neque
911 2002 1095 2042 Achaicis
1134 2000 1363 2040 hominibus
1402 2013 1531 2049 neque

205 2068 413 2118 Epiroticis
435 2070 552 2118 paulo
573 2068 773 2107 liberiores
795 2069 940 2106 litteras
963 2066 1208 2106 committere
1227 2066 1367 2103 audeo.

245 2182 264 2210 3
289 2172 378 2210 Quid
397 2172 483 2202 codd.
501 2184 506 2202 τ
533 2172 632 2211 Quod
650 2173 737 2212 vulg.
875 2173 894 2202 8
918 2171 962 2201 Μ.
983 2170 1142 2201 Messalla
1159 2193 1166 2200 .
1189 2194 1194 2200 .
1213 2193 1219 2200 .
1242 2178 1328 2198 coss.
1350 2167 1385 2206 cf.
1406 2167 1453 2197 acl
1465 2178 1495 2198 2.
1514 2178 1525 2197 1

207 2225 244 2253 13
269 2215 405 2255 Tribus]
430 2227 449 2246 a
466 2216 587 2246 Tribus
612 2216 696 2246 Rcw.
830 2225 867 2254 15
892 2224 1015 2245 ancora
1032 2214 1161 2243 sublata
1179 2212 1295 2242 Lamb.
1315 2223 1322 2242 ε
1346 2221 1404 2241 ora
1420 2211 1530 2242 soluta

204 2258 405 2299 Peerlkamp,
417 2259 518 2298 sedcf.
532 2258 687 2289 Sclmzal:
702 2258 964 2288 ‘Anlz'barbarus
974 2257 980 2267 ⁷
994 2257 1024 2287 ii.
1039 2266 1101 2295 535
1194 2265 1243 2293 15,
1258 2256 1295 2284 16
1312 2259 1347 2284 ut
1359 2254 1529 2284 rhetorum

203 2302 298 2340 pueri
323 2301 483 2342 Madvig:
514 2303 686 2333 rethorum
721 2311 804 2340 pure
839 2299 925 2329 codd.
945 2310 951 2328 :
987 2299 1146 2337 rhetoris,
1174 2303 1240 2329 tam
1270 2308 1353 2337 pure
1378 2297 1530 2327 Schmidt

203 2355 241 2374 21
269 2355 339 2375 non
357 2347 408 2386 ut]
428 2356 493 2376 non
511 2346 603 2375 utilis
620 2350 671 2375 est
689 2349 724 2374 ut
741 2344 819 2373 coni.
842 2341 983 2372 Mz'iller:
1018 2352 1083 2371 non
1102 2346 1153 2371 est
1171 2347 1286 2371 notum
1306 2346 1341 2370 ut
1358 2339 1378 2369 I
1391 2340 1454 2374 (nil
1469 2341 1533 2370 m'si

203 2389 395 2423 coniectura)
527 2399 566 2426 24
593 2387 858 2428 oppugnandam
879 2384 998 2416 Lamb.
1019 2384 1075 2415 sed
1090 2383 1208 2415 Σικυών
1225 2387 1253 2414 el
1275 2383 1427 2423 Μαραθών
1444 2394 1527 2414 com-

203 2432 318 2462 munis
328 2432 456 2472 generis
470 2436 550 2462 sunt
