1773 2651
616 621 789 659 LIBER
818 622 1094 661 SEPTIMVS

622 735 724 782 AD
775 735 1112 784 ATTICVM

243 875 267 912 Ῑ
510 879 581 911 Scr.
600 879 741 910 Athenis
755 881 827 910 xvii
839 878 882 910 K.
902 879 984 910 Nov.
1006 889 1035 910 a.
1058 889 1119 919 704
1140 879 1223 921 (60)-

616 967 790 998 CICERO
815 967 986 998 ATTICO
1013 967 1110 998 SAL.

254 1058 470 1094 DEDERAM
495 1056 680 1106 equidem
712 1059 755 1095 L.
786 1056 943 1094 Saufeio
967 1056 1112 1095 litteras
1139 1064 1176 1094 et
1204 1057 1390 1095 dederam
1417 1058 1467 1096 ad
1487 1065 1525 1096 te
1544 1066 1563 1097 1

199 1134 336 1169 unum,
363 1122 471 1171 quod
501 1134 591 1159 cum
622 1135 701 1159 non
732 1129 833 1160 esset
861 1121 1047 1171 temporis
1077 1121 1172 1158 mihi
1196 1123 1247 1160 ad
1274 1122 1526 1161 scribendum

161 1196 177 1227 5
199 1185 302 1232 satis,
325 1194 457 1224 tamen
479 1185 682 1224 hominem
704 1185 774 1224 tibi
796 1194 875 1224 tam
897 1186 1126 1224 familiarem
1158 1186 1241 1224 sine
1272 1187 1369 1225 meis
1390 1188 1524 1226 litteris

198 1251 248 1288 ad
271 1258 308 1288 te
329 1250 459 1289 venire
480 1251 665 1289 nolebam
682 1265 690 1298 3
721 1252 791 1289 sed
812 1259 853 1288 ut
881 1250 1106 1301 philosophi
1128 1252 1342 1300 ambulant,
1366 1253 1435 1291 has
1456 1252 1526 1291 tibi

199 1315 396 1354 redditum
417 1315 460 1353 iri
482 1316 669 1366 putabam
692 1315 807 1365 prius.
868 1316 935 1354 Sin
957 1315 1033 1354 iam
1056 1315 1139 1353 illas
1160 1316 1357 1366 accepisti,
1376 1317 1449 1355 scis
1464 1331 1527 1355 me

198 1383 376 1420 Athenas
397 1380 550 1420 venisse
580 1394 635 1430 pr.
660 1382 756 1419 Idus
778 1380 976 1428 Octobris,
1006 1395 1027 1420 e
1056 1381 1145 1418 navi
1172 1395 1369 1431 egressum
1397 1382 1437 1420 in
1468 1382 1527 1420 Pi-

198 1459 330 1484 raeum
353 1454 438 1484 tuas
459 1446 508 1484 ab
530 1448 678 1484 Acasto
699 1454 833 1484 nostro
854 1445 998 1484 litteras
1019 1446 1229 1496 accepisse,
1247 1447 1525 1485 conturbatum

141 1527 178 1548 10
198 1513 306 1560 quod
333 1525 423 1549 cum
449 1512 556 1550 febre
586 1513 756 1549 Romam
778 1510 961 1557 venisses,
986 1511 1093 1549 bono
1123 1519 1254 1549 tamen
1282 1511 1414 1550 animo
1442 1526 1526 1551 esse

197 1575 374 1626 coepisse
401 1576 509 1625 quod
531 1577 699 1614 Acastus
727 1589 773 1613 ea
797 1588 898 1625 quae
919 1576 1059 1614 vellem
1085 1577 1134 1613 de
1161 1577 1342 1614 adlevato
1363 1590 1526 1626 corpore

196 1648 264 1678 tuo
286 1640 492 1686 nuntiaret,
516 1640 762 1678 cohorruisse
792 1648 923 1678 autem
955 1653 1018 1678 me
1048 1653 1095 1678 eo
1125 1642 1233 1690 quod
1258 1648 1347 1679 tuae
1377 1641 1526 1680 litterae

196 1706 246 1743 de
267 1705 487 1755 legionibus
509 1705 687 1744 Caesaris
715 1706 924 1753 adferrent,
947 1713 984 1743 et
1005 1705 1128 1754 egisse
1153 1713 1283 1744 tecum
1312 1713 1354 1744 ut
1375 1706 1525 1744 videres

196 1783 245 1807 ne
266 1770 361 1819 quid
382 1772 579 1820 φιλοτιμία
599 1770 681 1809 eius
699 1784 817 1820 quem
840 1770 942 1808 nosti
964 1770 1078 1808 nobis
1099 1778 1282 1818 noceret;
1307 1779 1354 1818 et,
1374 1772 1423 1810 de
1444 1785 1524 1821 quo

138 1846 174 1878 15
195 1833 271 1872 iam
302 1834 454 1884 pridem
483 1836 533 1873 ad
564 1843 601 1874 te
631 1835 870 1885 scripseram,
903 1834 1116 1873 Turranius
1145 1843 1277 1874 autem
1312 1849 1424 1874 secus
1454 1835 1523 1874 tibi

197 1899 379 1937 Brundisi
401 1899 548 1938 dixerat
571 1901 696 1949 (quod
713 1914 758 1938 ex
780 1900 824 1937 iis
847 1900 981 1938 litteris
999 1900 1164 1949 cognovi
1181 1914 1277 1950 quas
1298 1914 1320 1939 a
1340 1903 1519 1947 Xenone,

194 1963 345 2012 optimo
362 1964 453 2010 viro,
469 1964 632 2014 accepi),
650 1978 718 2002 cur
732 1965 885 2002 fratrem
902 1964 1124 2014 provinciae
1145 1979 1226 2003 non
1246 1965 1519 2014 praefecissem

193 2028 354 2077 exposui
386 2028 561 2067 breviter.
624 2030 736 2066 Haec
767 2030 845 2066 fere
875 2038 964 2066 sunt
996 2029 1035 2066 in
1067 2030 1130 2067 illa
1165 2030 1340 2080 epistula.
1402 2032 1519 2069 Nunc
1540 2043 1563 2070 2

193 2092 285 2130 audi
306 2092 465 2142 reliqua.

134 2169 174 2191 20
248 2158 321 2195 Per
341 2159 515 2196 fortunas
536 2161 541 2196 l
572 2172 732 2197 omnem
746 2166 857 2197 tuum
878 2173 1052 2198 amorem
1075 2173 1154 2210 quo
1175 2174 1238 2198 me
1259 2174 1299 2199 es
1320 2161 1522 2211 amplexus

193 2234 433 2272 omnemque
467 2231 574 2261 tuam
614 2224 863 2273 prudentiam
895 2238 1013 2274 quam
1045 2239 1107 2263 me
1138 2227 1296 2264 hercule
1336 2225 1373 2263 in
1410 2226 1520 2264 omni

190 2299 332 2335 genere
366 2287 499 2326 iudico
545 2288 779 2338 singularem
820 2291 953 2327 confer
991 2291 1041 2327 ad
1081 2303 1167 2328 eam
1216 2304 1348 2328 curam
1388 2298 1430 2328 ut
1468 2292 1519 2330 de

237 2399 274 2419 12
299 2400 351 2420 me
369 2401 409 2420 eo
439 2390 578 2430 Tyrrell:
614 2402 667 2421 me
693 2391 779 2423 codd.
800 2404 806 2422 ι
840 2403 881 2422 eo
906 2392 996 2422 Koclz
1021 2391 1145 2422 Msc‘ller
1273 2403 1313 2423 22
1337 2393 1454 2424 confer
1477 2394 1518 2424 ad

191 2431 244 2461 Μ1
262 2445 268 2463 :
293 2433 464 2464 conseram
483 2433 537 2462 M²
556 2435 630 2474 (scd
643 2435 795 2466 a'elelmffl¹
813 2447 819 2466 z
844 2437 962 2466 confer
979 2437 1042 2466 iam
1057 2437 1097 2467 ad
1116 2435 1233 2466 Lamb.
