1773 2651
116 542 133 573 5

97 867 135 888 10

97 1522 137 1544 20

562 159 674 195 EPP.
707 160 784 196 ΑΙ)
815 160 1075 198 ATTICVM
1422 161 1499 198 III.
1518 169 1581 197 xv

155 269 285 320 potius
303 269 490 320 quoniam
511 269 671 320 peccavi
692 270 851 320 ignosce
867 285 875 318 ;
905 270 944 308 in
966 285 1028 308 me
1049 271 1153 309 enim
1175 271 1303 321 ipsum
1325 271 1484 321 peccavi

154 335 436 373 vehementius.
497 336 639 384 Neque
660 336 756 373 haec
784 349 831 374 eo
859 334 987 373 scribo
1008 349 1087 385 quo
1109 344 1145 374 te
1173 349 1253 374 non
1279 350 1368 374 meo
1393 349 1484 374 casu

155 400 326 439 maximo
369 402 506 439 dolore
550 414 635 438 esse
679 402 878 439 adfectum
928 400 1059 446 sciam,
1105 401 1175 438 sed
1223 402 1410 450 profecto,
1455 401 1485 439 si

155 473 347 515 quantum
375 479 437 503 me
463 479 571 503 amas
599 474 636 503 et
660 465 800 503 amasti
828 473 979 503 tantum
1006 479 1137 504 amare
1161 466 1326 504 deberes
1352 479 1397 504 ac
1422 468 1486 505 de-

155 531 317 577 buisses,
341 544 557 580 numquam
586 544 690 568 esses
712 544 848 580 passus
876 545 938 569 me
959 544 1039 580 quo
1060 538 1101 568 tu
1121 531 1354 569 abundabas
1375 545 1486 581 egere

154 595 320 633 consilio
350 609 423 633 nec
453 609 557 633 esses
587 609 724 645 passus
756 595 850 633 mihi
881 595 1104 646 persuaderi
1132 595 1226 634 utile
1256 595 1371 634 nobis
1401 610 1485 634 esse

155 661 280 709 legem
309 661 359 698 de
386 660 559 709 collegiis
587 660 755 710 perferri.
821 662 898 698 Sed
926 668 966 698 tu
995 668 1146 698 tantum
1175 660 1354 699 lacrimas
1381 674 1486 711 prae-

156 724 272 762 buisti
308 724 434 763 dolori
470 738 569 770 meo,
601 727 708 774 quod
743 733 823 763 erat
852 724 1006 772 amoris,
1036 733 1239 775 tamquam
1274 725 1356 774 ipse
1389 739 1487 775 ego3

155 790 263 838 quod
292 789 437 827 meritis
468 789 565 828 meis
592 791 807 840 perfectum
840 790 978 840 potuit,
1001 797 1042 827 ut
1063 790 1147 828 dies
1174 798 1212 828 et
1233 798 1369 828 noctes
1390 790 1486 840 quid

155 853 250 891 mihi
286 854 512 892 faciendum
552 862 653 892 esset
693 854 893 904 cogitares,
929 854 969 892 id
1007 855 1078 892 abs
1110 862 1147 893 te
1182 868 1272 893 meo
1307 868 1387 893 non
1418 863 1487 893 tuo

154 921 299 958 scelere
335 919 653 969 praetermissum
693 927 761 957 est.
832 920 953 967 Quod
994 919 1024 957 si
1064 933 1145 958 non
1184 921 1306 958 modo
1341 928 1381 958 tu
1416 921 1485 958 sed

154 985 363 1034 quisquam
396 984 531 1022 fuisset
564 984 630 1034 qui
664 998 726 1022 me
759 983 923 1033 Pompei
957 984 1086 1022 minus
1117 984 1266 1023 liberali
1297 998 1486 1034 responso

154 1049 398 1099 perterritum
429 1063 452 1087 a
481 1048 706 1099 turpissimo
741 1048 906 1087 consilio
940 1057 1149 1094 revocaret,
1175 1051 1283 1099 quod
1314 1063 1415 1087 unus
1446 1057 1485 1087 tu

154 1116 280 1153 facere
311 1114 479 1152 maxime
507 1114 679 1164 potuisti,
702 1119 774 1151 aut
797 1115 1038 1152 occubuissem
1063 1115 1209 1152 lzonesfe
1234 1122 1301 1152 aut
1321 1114 1487 1153 victores

155 1179 275 1218 hodie
314 1179 542 1217 viveremus.
610 1178 689 1216 Hic
730 1178 824 1216 mihi
864 1178 1072 1228 ignosces3
1120 1193 1183 1217 me
1217 1179 1322 1218 enim
1357 1179 1486 1229 ipsum

156 1246 279 1282 multo
308 1243 430 1293 magis
460 1257 614 1290 accuso,
638 1243 784 1282 deinde
812 1251 849 1281 te
879 1243 989 1293 quasi
1021 1257 1083 1282 me
1112 1246 1276 1282 alterum
1307 1252 1345 1282 et
1372 1244 1487 1282 simul

155 1324 265 1348 meae
293 1311 432 1359 culpae
460 1309 611 1347 socium
634 1322 790 1358 quaero.
851 1311 910 1346 Ac
938 1308 969 1346 si
997 1309 1187 1356 restituor,
1211 1309 1329 1348 etiam
1357 1309 1487 1348 minus

153 1375 375 1413 videbimur
399 1374 611 1424 deliquisse
635 1375 706 1412 abs
732 1382 849 1424 teque
873 1382 976 1412 certe
1004 1374 1192 1424 quoniam
1218 1377 1327 1413 nullo
1354 1383 1488 1413 nostro

155 1448 223 1478 tuo
245 1440 366 1490 ipsius
387 1439 582 1478 beneficio
603 1439 819 1490 diligemur.

211 1506 332 1554 Quod
360 1513 398 1543 te
426 1519 516 1543 cum
540 1506 733 1544 Culleone
761 1504 896 1543 scribis
921 1506 971 1543 de
998 1504 1199 1555 privilegio
1220 1507 1410 1554 locutum,
1430 1513 1488 1545 est
1507 1517 1532 1554 5

154 1571 304 1621 aliquid
344 1572 413 1609 sed
454 1573 579 1609 multo
618 1579 675 1609 est
715 1571 854 1609 melius
892 1571 1081 1621 abrogari.
1151 1571 1190 1610 Si
1229 1571 1334 1610 enim
1370 1585 1488 1610 nemo

155 1636 357 1686 impediet,
378 1636 433 1674 sic
461 1644 519 1674 est
547 1636 721 1682 firmius3
751 1636 808 1674 sin
837 1636 907 1674 erit
929 1636 995 1686 qui
1023 1636 1110 1674 ferri
1138 1650 1219 1675 non
1246 1637 1361 1685 sinat,
1381 1637 1487 1676 idem

155 1709 312 1740 senatus
340 1703 522 1740 consulto
550 1701 776 1740 intercedet.
837 1703 923 1740 Nec
944 1701 1156 1751 quicquam
1177 1702 1284 1741 aliud
1306 1716 1405 1752 opus
1430 1710 1488 1741 est

157 1764 313 1819 [quam]
335 1766 512 1816 abrogari
530 1782 538 1813 3
568 1780 659 1804 nam
680 1766 784 1816 prior
805 1768 864 1804 lex
885 1780 957 1804 nos
980 1765 1079 1803 'nihil
1101 1767 1293 1806 laedebat.
1355 1769 1487 1816 Quam

156 1831 186 1869 si
214 1838 255 1869 ut
283 1839 341 1869 est
361 1833 607 1882 promulgata
631 1832 790 1869 laudare
814 1830 1075 1869 voluissemus
1101 1839 1168 1870 aut
1193 1840 1235 1870 ut
1260 1840 1340 1870 erat
1362 1834 1489 1882 negle-

154 1898 283 1946 genda
310 1898 524 1946 neglegere,
549 1910 690 1935 nocere
712 1896 876 1934 omnino
902 1896 1016 1935 nobis
1044 1910 1124 1935 non
1145 1897 1346 1947 potuisset.
1408 1898 1488 1936 Hic

156 1961 251 1999 mihi
290 1961 459 2011 primum
499 1975 631 2000 meum
673 1961 880 2000 consilium
920 1961 1044 2000 defuit
1083 1963 1152 2000 sed
1191 1961 1309 2000 etiam
1349 1963 1484 2001 obfuit.

156 2027 285 2073 Caeci,
309 2027 416 2065 caeci
444 2027 604 2076 inquam
635 2026 779 2064 fuimus
810 2026 849 2064 in
876 2027 1017 2065 vestitu
1047 2028 1250 2074 mutando,
1274 2027 1312 2065 in
1340 2030 1488 2078 populo

199 2139 219 2167 3
243 2129 270 2159 si
288 2128 398 2159 PM'2:
423 2140 488 2160 om.
507 2129 719 2160 EHN0M15
847 2141 865 2168 4
891 2140 1003 2160 amare
1021 2130 1089 2161 secl.
1112 2130 1254 2172 Asadvzg
1377 2132 1397 2161 8
1415 2134 1491 2171 post

157 2177 323 2211 tamquam
341 2173 478 2203 addend.
495 2184 590 2203 esses
608 2175 686 2203 coni.
707 2172 808 2203 Orelli
895 2184 915 2212 9
942 2174 1066 2214 potuit]
1087 2176 1237 2213 oportuit
1259 2175 1361 2205 Orelli
1450 2185 1487 2213 14

157 2221 213 2246 aut
240 2216 471 2247 occubuissem
500 2218 644 2247 honeste
669 2217 723 2246 M-'
748 2217 797 2246 m'l
823 2217 888 2247 m'si
912 2217 1097 2255 coniectura,
1125 2222 1162 2247 ut
1186 2217 1248 2248 vid.
1268 2229 1274 2248 z
1309 2229 1374 2249 om.
1399 2218 1488 2250 codd.

162 2269 197 2299 17
224 2261 384 2290 restituar
406 2260 528 2299 Tyrrcll
679 2271 721 2290 20
746 2265 856 2290 tecum
882 2261 1080 2290 Culleonem
1105 2260 1224 2300 Tyrrell
1375 2272 1416 2291 22
1441 2262 1489 2292 sic

158 2306 235 2333 ΣΔε
271 2313 295 2333 5.
324 2313 350 2333 c.
379 2304 570 2342 (=senatus
600 2303 757 2341 consnllo)
791 2303 952 2344 flladvig:
987 2304 1065 2343 quid
1096 2299 1166 2334 CZb
1192 2305 1220 2334 L
1248 2306 1389 2345 (mausz.)
1418 2316 1447 2336 v.
1463 2317 1485 2336 C.

160 2346 285 2376 firmius
303 2341 374 2376 CZb
391 2346 419 2375 L
442 2347 582 2386 (mmg.)
602 2357 630 2377 v.
649 2358 671 2377 c.
691 2352 717 2376 Δ
738 2359 743 2376 :
770 2348 883 2377 firmus
903 2351 925 2378 Σ
1071 2358 1111 2385 24
1137 2358 1237 2386 quam
1255 2348 1312 2379 del.
1337 2349 1493 2379 Tunstall

158 2399 198 2427 27
224 2390 419 2462 (gzlgdesuit
437 2390 515 2420 add.
538 2400 605 2420 non
632 2391 740 2420 solum
760 2391 869 2429 Orelli,
887 2390 944 2420 secl
959 2390 996 2430 cf.
1017 2389 1104 2420 Boot
1118 2391 1163 2421 ad
1175 2392 1265 2421 lzunc
1279 2391 1386 2422 locum
1403 2396 1430 2423 et
1446 2392 1493 2422 ad

158 2443 190 2462 x.
216 2444 225 2461 1
257 2457 262 2463 .
