1773 2651
133 172 226 208 VII.
246 172 274 208 ii
602 171 656 207 M.
689 170 857 207 TVLLI
890 168 1194 208 CICERONIS

230 284 449 321 admodum
471 283 699 320 delectatus.
743 283 792 318 Et
814 294 876 319 me
898 281 1055 318 hercule
1076 287 1133 317 est
1155 293 1273 329 quam
1295 279 1407 317 facile
1423 278 1560 328 diligas

231 347 420 399 αὐτόχθων
441 347 479 384 in
502 347 663 385 homine
691 345 901 384 urbanitas.
964 344 1059 382 Eius
1086 352 1367 382 testamentum
1394 345 1561 394 deporto

233 412 349 450 trium
372 412 610 451 Ciceronum
637 410 755 460 signis
786 409 1036 459 obsignatum
1058 408 1311 458 cohortisque
1331 408 1557 458 praetoriae.

233 477 342 516 Fecit
372 479 500 527 palam
532 485 569 515 te
600 490 646 514 ex
675 476 817 523 libella,
841 488 904 513 me
925 488 971 513 ex
992 474 1198 513 terruncio.
1260 475 1307 511 In
1329 472 1447 511 Actio
1469 474 1561 512 Cor-

232 556 344 591 cyrae
366 541 505 579 Alexio
528 555 589 579 me
611 540 771 590 opipare
793 547 1020 578 muneratus
1042 547 1109 578 est.
1158 540 1205 587 Q.
1227 538 1409 577 Ciceroni
1423 537 1560 576 obsisti
1580 548 1597 580 5

185 620 211 658 4
232 622 312 646 non
348 607 475 657 potuit
508 620 586 656 quo
621 605 752 643 minus
784 604 996 654 Thyamim
1028 604 1187 643 videret.
1249 603 1387 641 Filiola
1419 611 1485 641 tua
1523 610 1561 642 te

232 672 416 711 delectari
434 674 556 710 laetor
577 679 614 709 et
636 670 791 720 probari
806 669 876 708 tibi
898 670 1063 718 φυσικὴν
1077 682 1161 707 esse
1181 669 1248 717 τὴν
1267 670 1357 718 πρὸς
1376 670 1423 706 τὰ
1442 669 1560 706 τέκνα.

233 737 391 775 Etenim
413 736 443 773 si
465 738 562 774 haec
584 749 663 773 non
686 743 753 781 est,
779 736 885 772 nulla
913 742 1041 784 potest
1068 733 1220 772 homini
1249 747 1333 772 esse
1360 734 1410 771 ad
1438 733 1561 771 homi-

231 816 321 840 nem
345 810 505 839 naturae
532 800 759 845 adiunctio;
790 813 868 849 qua
898 800 1051 837 sublata
1071 799 1172 837 vitae
1203 799 1369 837 societas
1400 798 1556 837 tollitur.

233 870 364 906 ‘Bene
386 866 538 905 eveniat
556 868 587 903 1'
631 865 757 915 inquit
787 866 1013 904 Carneades
1044 878 1182 914 spurce
1213 865 1281 902 sed
1313 871 1444 902 tamen
1474 877 1559 913 pru-
1582 878 1619 900 10

230 932 388 971 <lentius
418 945 536 981 quam
568 930 713 968 Lucius
741 938 874 968 noster
903 938 939 967 et
964 932 1106 966 Patron
1129 928 1205 978 qui,
1229 942 1319 966 cum
1350 928 1483 966 omnia
1508 929 1559 966 ad

231 1012 272 1037 se
293 999 470 1042 referant,
495 1009 703 1044 numquam
735 995 946 1045 quicquam
977 993 1134 1032 alterius
1165 1007 1282 1031 causa
1311 992 1392 1031 fieri
1422 999 1560 1042 putent

231 1071 278 1109 et,
303 1076 394 1100 curn
417 1075 461 1099 ea
482 1074 520 1099 re
542 1061 692 1099 bonum
715 1059 839 1097 virum
867 1067 1047 1109 oportere
1076 1071 1160 1096 esse
1185 1057 1317 1095 dicant
1342 1070 1391 1095 ne
1413 1058 1558 1094 malum

232 1129 375 1166 habeat
397 1140 477 1165 non
498 1139 578 1176 quo
599 1126 639 1163 id
660 1134 797 1163 natura
818 1132 967 1163 rectum
989 1123 1047 1169 sit,
1078 1137 1158 1162 non
1189 1123 1415 1172 intellegant
1441 1136 1480 1161 se
1510 1123 1560 1160 de

231 1193 374 1231 callido
395 1191 555 1230 homine
576 1190 684 1241 loqui
715 1204 795 1228 non
816 1192 866 1228 de
892 1190 998 1228 bono
1019 1189 1111 1227 viro.
1171 1190 1249 1227 Sed
1276 1190 1384 1234 haec,
1408 1187 1557 1237 opinor,
1582 1203 1619 1235 15

233 1266 323 1296 sunt
345 1257 383 1295 in
406 1257 450 1295 iis
472 1256 578 1295 libris
600 1270 699 1306 quos
721 1264 761 1293 tu
783 1256 984 1293 laudando
1005 1254 1157 1292 animos
1180 1253 1275 1291 mihi
1296 1253 1493 1291 addidisti.

191 1330 216 1369 5
289 1324 429 1361 Redeo
449 1323 499 1360 ad
520 1335 612 1360 rem.
668 1322 760 1369 Quo
777 1321 899 1358 modo
915 1320 1190 1369 exspectabam
1214 1319 1419 1369 epistulam
1442 1332 1560 1368 quam

234 1387 453 1425 Philoxeno
487 1386 691 1425 dedisses!
750 1385 966 1435 Scripseras
1003 1384 1107 1422 enim
1140 1384 1179 1421 in
1213 1397 1258 1422 ea
1292 1397 1376 1422 esse
1411 1384 1460 1421 de
1488 1397 1561 1421 ser-

232 1467 350 1491 mone
387 1451 551 1501 Pompei
585 1451 863 1500 Neapolitano.
923 1452 1021 1488 Eam
1059 1449 1153 1487 mihi
1191 1451 1334 1487 Patron
1376 1448 1560 1486 Brundisi

231 1518 403 1557 reddidit
421 1533 428 1564 3
459 1518 662 1566 Corcyrae,
689 1524 730 1554 ut
751 1516 902 1566 opinor,
921 1523 1135 1565 acceperat.
1196 1514 1305 1552 Nihil
1327 1513 1453 1564 potuit
1475 1527 1560 1552 esse
1581 1529 1620 1550 20

232 1582 454 1621 iucundiuS.
514 1584 607 1620 Erat
632 1582 736 1620 enim
766 1583 816 1620 de
846 1596 885 1620 re
916 1581 1083 1631 publica,
1108 1582 1157 1619 de
1179 1579 1367 1630 opinione
1388 1593 1506 1629 quam
1528 1578 1560 1617 is

232 1648 286 1686 vir
306 1648 467 1686 haberet
489 1647 717 1697 integritatis
739 1660 861 1693 meae,
880 1648 930 1685 de
952 1645 1227 1685 benevolentia
1248 1658 1366 1694 quarn
1388 1644 1561 1682 ostendit

230 1727 278 1752 eo
309 1727 489 1752 sermone
524 1727 641 1763 quem
674 1712 811 1751 habuit
843 1713 892 1750 de
932 1711 1142 1761 triumpho.
1201 1712 1279 1748 Sed
1318 1718 1449 1747 tamen
1484 1711 1560 1748 hoc

232 1779 559 1818 iucundissimum
590 1780 698 1828 quod
734 1777 905 1816 intellexi
940 1785 977 1815 te
1010 1779 1061 1815 ad
1096 1791 1185 1815 eum
1218 1775 1370 1814 venisse
1400 1783 1441 1813 ut
1476 1775 1559 1813 eius

231 1844 408 1882 animum
439 1858 527 1893 erga
558 1858 620 1882 me
650 1843 899 1893 perspiceres.
960 1845 1051 1880 Hoc
1082 1841 1189 1883 mihi,
1222 1841 1393 1891 inquam,
1415 1840 1559 1879 accidit
1580 1854 1617 1885 ³5

184 1917 210 1953 6
232 1909 570 1947 iucundissimum.
632 1911 693 1948 De
727 1908 927 1958 triumpho
965 1916 1096 1946 autem
1129 1908 1235 1944 nulla
1270 1920 1331 1944 me
1365 1905 1559 1956 cupiditas

232 1989 421 2025 umquam
453 1975 577 2013 tenuit
607 1981 698 2012 ante
731 1974 861 2012 Bibuli
893 1972 1256 2022 impudentissimas
1287 1971 1432 2009 litteras
1462 1984 1559 2020 quas

274 2090 305 2112 2,
319 2090 338 2118 3
356 2080 497 2118 deporto
515 2079 615 2109 trium
632 2078 770 2108 Iunius:
798 2078 982 2108 detortorio
997 2077 1054 2106 M:
1080 2076 1299 2106 detortorium
1315 2075 1370 2105 CZ
1386 2087 1392 2105 ε
1417 2076 1559 2114 deporto

233 2123 375 2153 Romam
402 2123 519 2153 Mam:
545 2124 687 2161 deporto
714 2127 903 2151 nostrorum
935 2120 1065 2154 Msillcr,
1089 2120 1154 2150 coll.
1181 2130 1209 2149 V.
1242 2129 1287 2157 17.
1319 2129 1348 2156 3,
1377 2119 1429 2149 vii.
1463 2129 1510 2156 13.
1540 2129 1559 2157 3

231 2179 249 2204 4
275 2167 384 2196 libella
412 2167 515 2196 Crat*
542 2167 662 2196 libertu
688 2164 766 2195 M¹2
791 2165 873 2194 libra
896 2163 970 2193 Mt:
996 2164 1151 2193 libertum
1180 2162 1211 2191 Z
1283 2162 1453 2192 terruncio
1473 2163 1558 2192 Crat.

232 2211 303 2248 (scd
319 2211 346 2239 is
363 2211 517 2240 teruncio
549 2221 554 2239 :
581 2214 737 2239 taruacus
763 2207 850 2237 M¹Z
950 2217 966 2245 7
992 2207 1051 2245 τὴν
1068 2206 1157 2247 πρὸς]
1176 2205 1234 2244 τὴν
1251 2205 1392 2246 στοργὴν
1409 2205 1468 2243 τὴν
1486 2204 1559 2245 πρὸς

228 2252 519 2291 1·0111'.lVesenbe›g.
542 2252 578 2290 cf
600 2262 630 2281 v.
655 2261 703 2290 19.
719 2260 737 2280 2
837 2250 856 2278 8
879 2250 961 2278 haec
976 2249 1051 2279 M²z
1078 2250 1140 2279 hoc
1160 2249 1216 2278 Ml
1318 2260 1356 2280 10
1380 2251 1560 2288 pudentius

229 2296 343 2326 codices
366 2306 432 2325 non
457 2295 551 2334 nulli,
575 2295 649 2324 l'ict.
812 2304 845 2322 11
877 2293 1002 2322 Patron
1022 2292 1182 2324 M³R0m.
1201 2304 1206 2321 :
1235 2293 1335 2322 Patro
1352 2293 1399 2322 F:
1427 2295 1559 2333 patroni

232 2340 283 2369 M*
304 2352 310 2370 :
335 2345 477 2379 patrono
503 2337 558 2367 M²
674 2347 711 2367 12
738 2346 918 2376 numquam
943 2335 1021 2366 add.
1042 2335 1152 2371 Orelli,
1169 2336 1206 2374 cf.
1224 2335 1297 2365 Fz'n.
1315 2335 1358 2365 iii.
1378 2346 1420 2373 29
1520 2345 1559 2374 14

232 2383 432 2421 intellegunt
458 2382 508 2411 M·
671 2391 706 2419 17
734 2380 808 2418 Quo
825 2380 925 2409 modo
950 2379 1038 2410 codd.
1058 2379 1155 2409 Otto:
1192 2378 1411 2408 Commodum
1436 2377 1553 2408 Lamb.

236 2437 272 2465 19
298 2426 397 2456 Patro
423 2426 521 2455 Rom.
541 2425 561 2454 I
