1732 2661
140 551 156 582 5

565 170 675 205 EPP.
709 170 786 206 AD
817 170 1076 208 ATTICVM
1411 172 1464 209 ΙΙ.
1488 172 1563 208 xxi

182 280 390 324 offendere,
415 286 568 328 putarat
590 280 735 318 Caesar
755 279 930 317 oratione
952 293 1020 317 sua
1049 294 1164 329 posse
1190 280 1338 331 impelli
1366 281 1513 320 contio-

181 357 272 381 nem
293 351 335 381 ut
356 343 426 381 iret
446 344 497 381 ad
519 343 733 389 Bibulum;
764 345 887 381 multa
911 357 1002 381 cum
1034 344 1330 384 seditiosissime
1353 346 1513 393 diceret,

180 422 318 447 vocem
348 408 563 459 exprimere
593 423 675 447 non
704 409 844 458 potuit.
903 409 1011 458 Quid
1040 410 1228 460 quaeris?
1266 411 1439 449 sentiunt
1471 426 1512 450 se

180 474 328 511 nullam
376 473 491 511 ullius
537 473 655 524 partis
695 475 937 512 voluntatem
978 482 1122 513 tenere.
1192 477 1252 513 Eo
1292 476 1413 526 magis
1454 476 1510 514 vis

179 539 294 577 nobis
325 548 382 577 est
412 539 599 578 timenda.

234 604 398 643 Clodius
430 604 611 642 inimicus
643 612 701 643 est
736 605 862 643 nobis.
934 606 1146 655 Pompeius
1181 608 1387 645 confirmat
1417 620 1506 645 eum
1529 605 1555 641 6

179 669 275 707 nihil
300 684 385 708 esse
408 671 601 707 facturum
623 678 759 708 contra
787 684 862 709 me.
922 671 1022 708 Mihi
1051 671 1315 721 periculosum
1345 681 1402 711 est
1433 686 1510 711 cre-

179 736 281 782 dere,
313 737 363 773 ad
395 735 656 773 resistendum
690 750 752 773 me
784 749 892 786 paro,
950 737 1087 774 Studia
1119 751 1233 787 spero
1264 751 1326 776 me
1357 751 1511 775 summa

178 800 402 838 habiturum
434 800 612 837 omnium
643 800 838 839 ordinum.
898 802 957 839 Te
987 815 1076 839 cum
1108 815 1180 851 ego
1210 802 1403 849 desidero,
1427 811 1509 840 tum

122 881 159 903 10
177 879 268 903 vero
298 879 356 904 res
387 866 437 903 ad
463 873 618 916 tempus
649 865 746 903 illud
768 874 891 904 vocat.
955 866 1170 904 Plurimum
1203 867 1355 914 consili,
1375 867 1508 914 animi,

116 1206 152 1239 Ι5

175 929 344 979 praesidi
375 930 547 980 denique
578 930 685 977 mihi,
717 930 746 967 si
778 939 815 968 te
844 932 894 968 ad
926 939 1081 981 tempus
1112 932 1257 979 videro,
1290 933 1507 971 accesserit.

175 997 300 1033 Varro
321 994 418 1032 mihi
439 995 531 1033 satis
552 995 655 1033 facit.
708 995 921 1045 Pompeius
943 996 1115 1045 loquitur
1137 996 1337 1036 divinitus.
1387 999 1509 1047 Spero

176 1074 248 1099 nos
260 1068 327 1098 aut
342 1074 432 1098 cum
446 1074 601 1098 summa
613 1060 735 1111 gloria
755 1069 821 1098 aut
835 1069 939 1099 certe
957 1061 1040 1099 sine
1057 1062 1237 1100 molestia
1253 1062 1506 1101 discessuros.

175 1127 237 1164 Tu
258 1125 354 1175 quid
374 1139 479 1175 agas,
500 1140 617 1175 quem
639 1127 690 1163 ad
712 1127 875 1164 modum
904 1134 942 1164 te
969 1127 1154 1173 oblectes,
1178 1127 1273 1176 quid
1294 1141 1384 1166 cum
1406 1127 1508 1177 Sicy-

175 1191 275 1229 oniis
296 1191 418 1240 egeris
440 1199 482 1229 ut
503 1191 624 1229 sciam
646 1205 748 1229 cura.

217 1292 352 1326 XXII
421 1294 489 1326 Ser.
511 1295 640 1325 Romae
650 1299 726 1336 post
741 1296 798 1325 viii
810 1295 853 1325 K.
872 1295 973 1329 Sext..
995 1300 1069 1326 (mle
1083 1306 1128 1326 xv
1143 1296 1186 1326 K.
1209 1295 1292 1327 Nov.
1313 1307 1343 1327 a.
1366 1299 1426 1337 695

651 1340 726 1378 (59)
740 1349 749 1369 .·
765 1339 845 1378 fort.
868 1351 911 1370 m.
933 1339 1020 1370 Sext.

593 1410 767 1442 CICERO
792 1411 966 1442 ATTICO
993 1411 1089 1443 SAL.

227 1479 358 1527 Quam
379 1479 520 1516 vellem
550 1479 704 1516 Romae
733 1478 968 1516 mansisses!
1025 1480 1239 1517 Mansisses
1268 1481 1444 1530 profecto
1474 1480 1504 1519 si
1525 1493 1541 1520 1

113 1561 152 1582 20
172 1544 269 1581 haec
290 1544 372 1581 fore
392 1552 651 1593 putassemus.
713 1545 817 1580 Nam
846 1545 1093 1581 Pulchellum
1122 1552 1298 1582 nostrum
1321 1545 1504 1585 facillime

172 1617 393 1647 teneremus
427 1617 494 1646 aut
529 1617 633 1646 certe
669 1608 764 1657 quid
803 1616 903 1646 esset
943 1609 1114 1646 facturus
1154 1609 1250 1648 scire
1284 1624 1500 1660 possemus.

171 1675 289 1711 Nunc
321 1687 361 1711 se
393 1687 452 1711 res
485 1673 539 1711 sic
574 1673 704 1711 habet.
778 1673 938 1719 volitat,
968 1673 1083 1719 furit;
1121 1674 1217 1712 nihil
1248 1676 1366 1714 habet
1393 1676 1499 1723 certi,

169 1739 301 1777 multis
333 1738 564 1782 denuntiat;
599 1740 707 1788 quod
740 1739 816 1776 fors
850 1738 1034 1776 obtulerit
1070 1738 1109 1777 id
1139 1748 1295 1778 acturus
1325 1740 1503 1789 videtur3

169 1818 258 1843 cum
280 1803 386 1842 videt
408 1817 487 1854 quo
515 1804 563 1842 sit
591 1804 630 1841 in
658 1803 752 1841 odio
781 1811 903 1842 status
925 1801 988 1842 hic
1008 1817 1147 1852 rerum,
1167 1804 1206 1842 in
1227 1818 1294 1843 eos
1316 1805 1383 1855 qui
1404 1807 1502 1844 haec

168 1878 330 1920 egerunt
351 1870 542 1920 impeturn
571 1871 742 1908 facturus
765 1869 941 1915 videtur:
972 1883 1061 1907 cum
1083 1878 1215 1908 autem
1245 1884 1375 1909 rursus
1405 1885 1500 1921 opes

167 1950 303 1974 eorum
328 1944 366 1974 et
396 1936 587 1974 exercitus
615 1936 850 1981 recordatur,
875 1934 1066 1973 convertit
1087 1949 1128 1973 se
1155 1935 1194 1972 in
1222 1936 1360 1984 bonos,
1383 1936 1499 1975 nobis

165 2010 296 2040 autem
330 2001 422 2051 ipsis
455 2010 539 2039 tum
575 2001 652 2038 vim
686 2010 768 2038 tum
806 1999 995 2038 iudicium
1037 1999 1215 2038 minatur.
1286 2002 1389 2040 Cum
1423 2003 1541 2040 hoc2

167 2068 378 2118 Pompeius
400 2068 476 2117 egit
497 2075 544 2114 et,
565 2075 606 2105 ut
626 2068 676 2105 ad
698 2081 761 2105 me
782 2066 864 2116 ipse
885 2066 1074 2104 referebat
1091 2065 1225 2109 <alium
1243 2066 1347 2104 enim
1370 2067 1498 2105 habeo

165 2133 364 2171 neminem
395 2134 563 2183 testem),
587 2134 840 2170 vehementer
865 2131 952 2181 egit,
976 2145 1066 2169 cum
1097 2131 1243 2169 diceret
1274 2131 1313 2168 in
1343 2145 1497 2170 summa

211 2242 249 2271 13
274 2238 328 2263 aut
347 2257 354 2263 .
372 2257 378 2262 .
401 2257 406 2262 .
429 2238 484 2262 aut
503 2238 594 2262 certe
613 2231 706 2262 illan.
732 2233 768 2271 rs.
789 2243 829 2261 22
859 2242 898 2270 5:
925 2237 981 2261 aut
1000 2237 1091 2261 certe
1109 2255 1115 2260 .
1139 2255 1145 2261 .
1164 2254 1171 2261 .
1192 2236 1247 2260 aut
1265 2231 1364 2260 etiam
1383 2230 1470 2261 codd.
1487 2243 1494 2261 ς

164 2281 221 2305 aut
244 2280 432 2306 certaturos
451 2300 456 2306 .
477 2300 483 2306 .
507 2301 512 2306 .
533 2277 703 2305 autetiam
721 2274 904 2316 ll'esenbcig
1028 2285 1065 2313 19
1089 2273 1198 2312 Quam
1221 2274 1338 2304 vellem
1366 2274 1495 2304 Romae

165 2320 367 2350 mansisses!
407 2319 593 2349 Mansisses
620 2319 772 2357 profecto
798 2318 938 2348 Rosius:
978 2318 1086 2356 Quam
1120 2317 1241 2347 vellem
1277 2318 1406 2347 Rornae
1441 2328 1492 2349 «sc.

163 2365 280 2393 esses!
316 2362 500 2393 Mansisses
527 2363 681 2401 profecto
708 2362 912 2402 ᾹΙιιΙαερίηα,
932 2362 968 2401 cf.
990 2362 1055 2392 xiv.
1083 2372 1130 2392 11.
1156 2372 1168 2391 1
1313 2362 1355 2390 26
1379 2371 1491 2391 eorum

164 2410 197 2435 et
220 2405 298 2436 coni.
319 2405 438 2436 Orelli:
461 2416 577 2435 eorum
606 2411 638 2434 ct
665 2407 732 2434 vim
758 2405 791 2432 P
813 2406 895 2435 Aur.
922 2405 953 2433 F
975 2405 1062 2434 (frat.
1086 2416 1092 2434 z
1118 2414 1234 2433 eorum
1260 2404 1327 2432 vim
1347 2404 1492 2436 INHE:

164 2454 196 2478 et
220 2450 286 2478 v'm
306 2449 346 2477 M
446 2448 553 2477 bonos
576 2447 783 2486 [stenbmgt
819 2458 879 2477 nos
907 2447 993 2477 codd.
1106 2449 1147 2477 28
1172 2448 1344 2478 deferebat
1366 2447 1491 2478 l‘Vesen-

163 2492 255 2532 hog:
290 2492 483 2531 perferebat
508 2491 592 2520 Reid
