1773 2651
615 521 785 558 LIBER
825 519 1083 558 OCTAVVS

604 619 706 666 AD
760 618 1097 666 ATTICVM

228 743 246 779 [
445 747 512 778 Scr.
533 748 565 777 in
583 747 765 777 Fornu‘ano
778 746 834 778 xiv
850 746 892 777 K.
912 745 1013 776 Mart.
1036 757 1065 776 a.
1089 756 1143 786 705
1160 746 1248 787 (49).

589 834 766 865 CICERO
800 834 972 865 ATTICO
1006 834 1103 865 SAL.

233 925 329 963 CVM
362 924 413 961 ad
440 930 477 961 te
504 923 649 961 litteras
679 922 889 969 dedissem,
916 922 1093 961 redditae
1118 922 1213 960 mihi
1241 922 1391 961 litterae
1420 931 1511 961 sunt
1531 932 1550 961 1

179 1003 202 1027 a
235 988 450 1038 Pompeio:
481 996 609 1026 cetera
639 989 689 1026 de
719 989 834 1026 rebus
865 987 903 1025 in
936 987 1082 1026 Piceno
1113 987 1230 1037 gestis
1260 1001 1361 1037 quae
1390 989 1439 1026 ad
1471 1002 1511 1026 se

144 1053 377 1092 5Vibullius
412 1052 638 1102 scripsisset,
672 1054 721 1090 de
755 1052 901 1090 dilectu
936 1052 1098 1099 Domiti,
1135 1065 1236 1101 quae
1275 1060 1365 1090 sunt
1399 1051 1510 1090 vobis

180 1125 273 1155 nota
295 1131 367 1155 nec
397 1125 529 1154 tamen
557 1124 635 1154 tam
666 1118 766 1154 laeta
787 1124 895 1154 erant
922 1115 961 1153 in
990 1116 1035 1153 iis
1062 1115 1196 1154 litteris
1224 1130 1342 1166 quam
1369 1117 1420 1154 ad
1448 1130 1511 1154 me

182 1181 416 1220 Philotimus
441 1181 655 1231 scripserat.
718 1183 850 1230 Ipsam
879 1180 949 1218 tibi
977 1180 1185 1230 epistulam
1216 1180 1409 1219 misissem
1441 1182 1511 1219 sed

180 1246 256 1284 iam
277 1246 409 1284 subito
430 1245 553 1283 fratris
575 1260 671 1296 puer
697 1245 1028 1296 proficiscebatur.
1089 1247 1185 1284 Cras
1210 1245 1324 1295 igitur
1344 1246 1507 1284 mittam.

179 1312 257 1350 Sed
293 1311 331 1349 in
367 1325 413 1349 ea
443 1310 607 1360 Pompei
637 1310 803 1360 epistula
832 1318 914 1348 erat
943 1310 982 1348 in
1013 1318 1186 1349 extremo
1220 1310 1341 1360 ipsius
1377 1325 1508 1357 manu,

123 1378 266 1414 10‘Tu
299 1390 442 1414 censeo
476 1375 681 1414 Luceriam
712 1375 856 1413 venias.
918 1377 1125 1425 Nusquam
1155 1375 1228 1413 eris
1259 1375 1403 1413 tutius.'
1462 1376 1511 1413 Id

178 1456 252 1492 ego
273 1442 311 1479 in
333 1456 419 1480 eam
445 1449 595 1492 partem
622 1441 769 1490 accepi,
793 1442 891 1479 haec
918 1441 1065 1490 oppida
1090 1448 1209 1490 atque
1234 1454 1341 1478 oram
1371 1440 1511 1478 mariti-

180 1521 284 1544 mam
306 1507 415 1544 illum
443 1521 513 1557 pro
535 1506 722 1544 derelicto
749 1506 905 1552 habere,
930 1519 1002 1543 nec
1024 1519 1109 1543 sum
1136 1505 1296 1543 miratus
1323 1518 1414 1543 eum
1443 1505 1509 1554 qui

177 1580 295 1622 caput
321 1573 449 1622 ipsum
477 1572 695 1621 reliquisset
722 1571 879 1621 reliquis
907 1570 1093 1609 membris
1124 1584 1203 1608 non
1235 1584 1402 1620 parcere.
1463 1569 1509 1608 Ei
1531 1581 1555 1608 2

177 1637 308 1674 statim
348 1637 525 1686 rescripsi
566 1636 850 1686 hominemque
890 1644 1039 1674 certum
1080 1635 1165 1673 misi
1205 1637 1255 1674 de
1297 1635 1509 1673 comitibus

121 1712 157 1744 15
179 1702 286 1747 meis,
317 1715 372 1738 me
401 1715 481 1739 non
512 1715 697 1750 quaerere
729 1700 795 1739 ubi
827 1700 1022 1738 tutissimo
1052 1714 1204 1747 essem3
1242 1699 1271 1737 si
1304 1713 1366 1737 me
1396 1701 1510 1738 vellet

177 1780 247 1804 sua
280 1774 346 1803 aut
379 1766 431 1804 rei
464 1766 646 1816 publicae
681 1780 799 1804 causa
835 1765 1040 1803 Luceriam
1076 1765 1217 1810 venire,
1255 1765 1384 1802 statim
1425 1779 1509 1803 esse

177 1839 410 1877 venturum3
440 1832 696 1880 hortatusque
724 1844 810 1868 sum
839 1838 880 1868 ut
909 1844 1016 1868 oram
1049 1829 1282 1867 maritimam
1314 1829 1505 1875 retineret,

177 1895 207 1933 si
243 1909 323 1933 rem
358 1896 650 1933 frumentariam
686 1896 758 1933 sibi
792 1910 837 1934 cx
868 1895 1077 1945 provinciis
1109 1894 1349 1944 suppeditari
1379 1896 1504 1932 vellet.

180 1962 272 1998 Hoc
293 1974 356 1998 me
377 1962 516 1998 frustra
536 1960 703 1998 scribere
724 1960 907 1998 videbam
926 1974 934 2006 3
964 1961 1032 1997 sed
1055 1959 1110 1997 uti
1131 1959 1170 1996 in
1187 1960 1283 1997 urbe
1304 1958 1509 1997 retinenda

119 2040 158 2061 20
178 2032 285 2072 tunc,
306 2025 360 2063 sic
388 2039 493 2062 nunc
515 2025 553 2062 in
580 2025 692 2062 Italia
713 2038 793 2062 non
822 2024 1080 2073 relinquenda
1101 2024 1336 2062 testificabar
1357 2032 1509 2062 senten-

177 2089 271 2126 tiam
304 2103 442 2127 meam.
503 2089 566 2126 Sic
601 2089 706 2127 enim
739 2089 862 2138 parari
897 2089 1013 2126 video
1049 2096 1091 2126 ut
1126 2088 1332 2126 Luceriam
1369 2101 1506 2126 omnes

176 2154 313 2203 copiae
338 2155 618 2191 contrahantur
639 2161 676 2191 et
697 2167 746 2191 ne
767 2153 798 2191 is
820 2153 980 2202 quidem
1002 2154 1112 2190 locus
1132 2154 1184 2190 sit
1202 2152 1349 2191 stabilis
1370 2153 1440 2191 sed
1460 2166 1506 2191 ex

175 2232 223 2256 eo
244 2218 340 2267 ipso,
365 2218 394 2255 si
416 2232 632 2268 urgeamur,
656 2226 810 2268 paretur
832 2220 931 2268 fuga.

217 2323 326 2361 6s>osl
340 2332 437 2360 quam
457 2321 530 2352 add.
548 2332 634 2360 quae
655 2321 758 2351 Orelli
863 2332 891 2360 7,
906 2322 925 2350 8
944 2322 1003 2351 scd
1024 2322 1087 2351 iam
1100 2320 1198 2351 Rom.
1218 2332 1224 2350 τ
1251 2322 1353 2350 miser
1371 2321 1435 2350 iam
1454 2319 1505 2349 Ml

176 2366 233 2401 (mi
251 2376 366 2395 rut-voc.
389 2366 543 2405 proximo
569 2366 776 2401 misissem):
809 2366 873 2395 nisi
901 2370 967 2395 tam
992 2364 1045 2393 M'-'
1196 2374 1232 2402 15
1259 2375 1311 2393 me
1329 2363 1404 2394 add.
1426 2364 1509 2393 Pius

176 2419 217 2458 232
237 2409 283 2482 [stifft
298 2409 436 2481 §nl-post
453 2408 499 2439 vel
513 2412 587 2439 ante
603 2409 734 2439 stabilis
749 2408 824 2439 add.
845 2408 912 2440 edd.
930 2412 1004 2448 post
1020 2408 1149 2438 Ernesti
1224 2408 1368 2448 stabilis]
1395 2407 1506 2437 standi

175 2457 219 2482 Sit
276 2463 295 2481 (ι
322 2463 376 2491 mg

219 2517 280 2539 c1c.
302 2517 348 2538 AD
365 2517 438 2540 Αττ.
1380 2506 1421 2537 16
