1773 2651
575 171 687 207 EPP.
720 171 797 207 AD
828 171 1087 209 ATTICVM
1394 171 1511 207 VIII.
1536 170 1580 206 xi
1602 181 1625 207 Β

251 283 335 320 Nos
369 282 499 320 adhuc
534 281 572 318 in
605 295 651 319 ea
684 294 751 318 ora
782 280 848 318 ubi
889 281 1098 331 praepositi
1131 295 1266 319 sumus
1298 281 1349 318 ita
1389 281 1532 319 fuimus

197 356 238 385 ut
273 360 412 384 navem
451 354 625 396 paratam
666 346 911 383 haberemus.
973 347 1031 383 Ea
1062 346 1167 383 enim
1199 345 1459 384 audiebamus
1494 354 1532 384 et

196 426 242 450 ea
273 412 503 450 verebamur
540 419 592 456 ut,
631 412 913 460 quodcumque
948 418 989 448 tu
1029 411 1237 449 consilium
1272 411 1453 460 cepisses,
1491 410 1531 449 id

196 477 310 515 nobis
345 477 661 527 persequendum
694 484 931 526 putaremus.
1006 477 1123 514 Nunc
1170 476 1358 526 quoniam
1399 484 1531 515 aucto-

156 560 172 590 5
195 543 306 581 ritate
331 551 367 580 et
395 543 560 581 consilio
587 551 653 580 tuo
675 542 714 580 in
745 556 814 592 spe
844 542 1013 581 firmiore
1043 556 1188 589 sumus,
1213 543 1243 580 si
1270 543 1391 581 teneri
1415 557 1530 593 posse

195 616 308 658 putas
338 609 589 646 Tarracinam
619 613 655 646 et
682 622 790 646 oram
822 609 1066 655 maritimam,
1098 609 1137 646 in
1168 623 1213 647 ea
1245 610 1428 653 manebo,
1459 608 1530 647 etsi

195 673 387 723 praesidia
408 673 447 710 in
469 673 624 722 oppidis
651 675 757 711 nulla
788 682 888 711 sunt.
950 675 1080 712 Nemo
1107 674 1212 712 enim
1240 674 1362 712 nostri
1383 673 1530 712 ordinis

196 737 234 775 in
265 737 324 775 his
355 738 450 776 locis
485 746 542 776 est
577 746 728 788 praeter
760 740 814 776 M.
844 738 1015 788 Eppium
1051 752 1169 788 quem
1200 752 1272 789 ego
1309 738 1532 777 Menturnis

196 816 281 841 esse
319 802 435 848 volui,
468 802 693 852 vigilantem
729 802 930 841 hominem
965 811 1001 841 et
1033 803 1279 841 industrium.
1340 805 1445 841 Nam
1486 805 1528 841 L.

139 884 177 905 10
196 870 458 918 Torquatum,
478 867 602 906 virum
634 869 774 906 fortem
802 876 839 906 et
869 882 959 906 cum
989 868 1231 916 auctoritate,
1256 869 1421 908 Formiis
1450 883 1530 907 non

195 934 400 980 habemus,
421 934 471 971 ad
493 940 530 971 te
551 934 770 982 profectum
790 932 1031 971 arbitramur.

251 1000 336 1048 Ego
375 997 550 1044 omnino,
585 1006 626 1035 ut
665 997 840 1047 proxime
875 997 945 1035 tibi
977 999 1189 1048 placuerat,
1222 1000 1401 1049 Capuam
1441 998 1574 1037 veni2

195 1078 243 1102 eo
264 1063 349 1113 ipso
371 1063 435 1101 die
462 1076 541 1112 quo
571 1070 612 1100 tu
640 1064 778 1100 Teano
805 1062 981 1102 Sidicino
1007 1077 1048 1101 es
1072 1065 1280 1113 profectus.
1340 1065 1532 1103 Volueras

196 1128 302 1167 enim
333 1142 395 1166 me
423 1141 513 1165 cum
546 1130 600 1165 M.
626 1127 818 1167 Considio
849 1142 919 1178 pro
948 1136 1125 1178 praetore
1152 1129 1216 1167 illa
1243 1129 1399 1180 negotia
1420 1129 1530 1168 tueri.

138 1208 175 1238 15
198 1196 301 1233 Cum
332 1207 379 1231 eo
409 1193 614 1240 venissem,
638 1192 717 1231 vidi
747 1195 793 1231 T.
827 1193 1016 1243 Ampium
1051 1194 1239 1232 dilectum
1271 1195 1416 1233 habere
1450 1193 1533 1233 dili-

195 1259 433 1309 gentissime,
455 1258 506 1296 ab
527 1272 575 1297 eo
595 1258 772 1308 accipere
801 1258 1009 1306 Libonem,
1031 1273 1186 1297 summa
1212 1259 1306 1298 item
1331 1259 1534 1310 diligentia

195 1332 234 1362 et
261 1324 300 1361 in
321 1323 386 1361 illa
410 1323 566 1361 colonia
591 1323 832 1362 auctoritate.
894 1324 965 1362 Fui
988 1326 1149 1374 Capuae
1176 1327 1308 1375 quoad
1336 1326 1529 1363 consules.

197 1391 357 1435 Iterum,
394 1396 436 1426 ut
475 1395 555 1426 erat
593 1387 768 1426 edictum
807 1402 829 1426 a
863 1389 1102 1436 consulibus,
1137 1389 1226 1428 veni
1262 1391 1441 1440 Capuam
1480 1391 1531 1428 ad

196 1455 334 1492 Nonas
356 1454 538 1491 Februar.
592 1453 694 1492 Cum
716 1453 875 1492 fuissem
898 1454 1082 1500 triduum,
1105 1454 1234 1505 recepi
1255 1468 1318 1493 me
1341 1454 1527 1493 Formias.

139 1532 177 1554 20
251 1521 370 1557 Nunc
390 1519 499 1568 quod
519 1526 631 1556 tuum
652 1518 860 1556 consilium
876 1526 942 1557 aut
959 1532 1060 1568 quae
1080 1519 1177 1557 ratio
1198 1519 1289 1558 belli
1311 1519 1358 1557 sit
1380 1519 1527 1569 ignoro.
1550 1533 1574 1570 3

196 1585 234 1623 Si
266 1586 478 1623 tenendam
509 1585 611 1622 hanc
639 1597 746 1622 oram
776 1591 901 1634 putas,
931 1597 1031 1634 quae
1061 1592 1098 1622 et
1128 1585 1462 1634 opportunitatem
1493 1591 1532 1622 et

195 1650 426 1700 dignitatem
465 1651 585 1689 habet
623 1657 660 1688 et
699 1649 873 1699 egregios
912 1649 1006 1687 civis
1044 1657 1095 1696 et,
1127 1657 1168 1687 ut
1202 1650 1376 1697 arbitror,
1409 1649 1532 1688 teneri

195 1723 334 1765 potest,
376 1728 475 1765 opus
515 1723 573 1753 est
611 1728 696 1753 esse
735 1714 802 1764 qui
841 1714 1011 1764 praesit,-
1059 1714 1118 1752 sin
1157 1715 1291 1753 omnia
1328 1715 1368 1752 in
1407 1729 1531 1753 unum

195 1782 326 1819 locum
366 1781 636 1819 contrahenda
670 1787 770 1826 sunt,
808 1793 888 1818 non
928 1779 1068 1817 dubito
1107 1779 1201 1830 quin
1241 1782 1290 1818 ad
1330 1789 1368 1818 te
1400 1780 1530 1818 statim

137 1861 174 1892 ²5
195 1847 361 1894 veniam,
385 1861 464 1897 quo
495 1846 591 1884 mihi
622 1846 718 1884 nihil
749 1845 919 1895 optatius
950 1852 1019 1892 est,
1043 1845 1162 1894 idque
1192 1853 1322 1884 tecum
1353 1859 1433 1895 quo
1467 1845 1531 1884 die

195 1913 246 1950 ab
285 1913 381 1951 urbe
419 1913 671 1951 discessimus
711 1914 865 1951 locutus
905 1925 1002 1949 sum.
1075 1912 1159 1960 Ego
1199 1910 1229 1948 si
1268 1911 1361 1960 quoi
1400 1912 1532 1949 adhuc

196 1978 330 2017 videor
362 1978 516 2028 segnior
554 1978 683 2023 fuisse,
719 1979 814 2016 dum
850 1992 899 2016 ne
932 1976 1003 2015 tibi
1034 1975 1177 2023 videar,
1212 1989 1292 2014 non
1325 1977 1460 2014 laboro
1495 1983 1533 2013 et

196 2050 327 2081 tamen
349 2043 390 2090 si,
414 2051 456 2081 ut
476 2043 604 2090 video,
628 2044 775 2081 bellum
802 2044 1019 2092 gerendum
1047 2048 1115 2087 est,
1139 2042 1299 2079 confido
1327 2055 1389 2079 me
1410 2041 1534 2079 omni-

198 2108 270 2146 bus
300 2108 412 2146 facile
440 2108 531 2146 satis
558 2110 762 2146 facturum.
824 2109 880 2145 M.
903 2106 1077 2145 Tullium
1110 2120 1243 2145 meum
1268 2104 1531 2144 necessarium
1550 2120 1577 2158 4

138 2185 177 2215 30
196 2173 246 2210 ad
268 2180 305 2211 te
326 2172 413 2211 misi
433 2172 496 2211 cui
517 2180 570 2219 tu,
594 2172 625 2210 si
645 2172 715 2210 tibi
736 2171 942 2218 videretur,
965 2173 1015 2210 ad
1037 2185 1100 2209 me
1120 2170 1266 2209 litteras
1287 2171 1410 2209 dares.

239 2285 259 2313 3
285 2275 432 2315 cepisses
451 2275 580 2305 Baiter:
609 2276 825 2314 percepisses
848 2273 905 2304 M:
935 2274 1171 2313 praecepisses
1194 2273 1316 2313 [vulg.
1452 2273 1472 2301 6
1497 2277 1530 2302 et

197 2318 273 2349 add.
294 2319 383 2358 vulg.
405 2331 412 2349 z
444 2324 477 2350 et
500 2329 572 2349 eam
596 2318 670 2349 add.
690 2318 813 2348 Mz'c'ller
947 2327 982 2355 17
1009 2317 1183 2358 consules]
1211 2316 1370 2347 consules
1394 2316 1531 2347 iverunt

198 2362 273 2393 coni.
295 2361 381 2392 Reid
515 2373 554 2402 19
579 2362 679 2402 Cum]
700 2362 753 2392 ubi
772 2372 844 2392 cum
866 2361 891 2390 L
911 2363 1055 2401 (marg.)

1383 2463 1444 2495 17*
