1773 2651
143 160 211 197 IV.
235 160 342 196 xviii
628 160 683 197 M.
717 161 885 197 TVLLI
919 160 1226 198 CICERONIS

262 270 422 319 ‘Quid?
462 270 547 308 ille'
580 270 735 320 inquies
771 273 833 307 ‘ut
864 271 1066 308 ferebat?'
1126 270 1366 308 Humaniter
1403 284 1594 321 meaeque

259 335 457 385 dignitatis
492 337 625 386 quoad
665 335 761 373 mihi
800 335 892 373 satis
931 337 1077 374 factum
1117 344 1218 374 esset
1253 336 1479 374 habendam
1519 336 1592 374 sibi

258 400 449 439 rationem
484 402 658 451 putabat.
721 402 813 448 Quo
853 402 975 439 modo
1009 415 1101 451 ergo
1134 402 1368 439 absolutus?
1416 401 1593 440 Omnino

257 469 697 505 †HOPHAHYMNA†.
770 467 1057 504 Accusatorum
1087 465 1326 504 incredibilis
1357 466 1529 512 infantia,
1551 466 1591 504 id

258 538 315 568 est
346 533 388 569 L.
417 531 573 569 Lentuli
605 533 647 568 L.
675 532 713 577 f.‚
741 544 860 580 quem
895 531 1066 568 fremunt
1098 544 1236 568 omnes
1270 530 1592 580 praevaricatum,
1613 540 1629 571 5

257 596 402 635 deinde
424 596 589 646 Pompei
613 595 710 633 mira
731 595 945 641 contentio,
971 595 1146 633 iudicum
1172 596 1317 633 sordes.
1378 597 1437 633 Ac
1459 604 1590 634 tamen

257 673 379 698 xxxu
402 662 729 707 condemnarunt,
754 672 922 697 xxxvffl
944 660 1207 698 absolverunt.
1270 660 1422 698 Iudicia
1443 660 1591 709 reliqua

0 722 99 772 (XVI.
129 724 498 776 10)2impendent.
576 727 769 764 Nondum
810 732 868 762 est
902 726 1019 774 plane
1058 725 1273 774 expeditus.
1347 725 1465 763 Dices
1500 727 1589 762 ‘Tu

256 804 347 840 ergo
374 792 471 829 haec
498 804 578 840 quo
600 791 722 828 modo
743 791 868 827 fers?'
919 791 1027 827 Belle
1053 803 1115 827 me
1139 790 1297 827 hercule
1327 799 1365 827 et
1390 790 1429 827 in
1454 804 1502 828 eo
1527 804 1589 828 me

255 857 368 895 valde
401 870 502 894 amo.
564 856 793 902 Amisimus,
828 855 881 892 mi
915 854 1122 904 Pomponi,
1157 869 1317 893 omnem
1351 868 1432 892 non
1468 856 1589 894 modo
1611 869 1651 892 10

255 936 393 960 sucum
423 936 468 961 ac
499 921 730 972 sanguinem
759 922 829 959 sed
856 920 974 958 etiam
1002 921 1175 958 colorem
1205 928 1243 958 et
1267 920 1439 970 speciem
1466 920 1589 970 pristi-

254 1001 347 1026 nam
371 987 548 1026 civitatis.
610 988 730 1024 Nulla
756 994 814 1024 est
842 999 901 1024 res
929 985 1089 1035 publica
1115 999 1216 1035 quae
1241 986 1424 1033 delectet,
1444 985 1483 1023 in
1511 999 1588 1035 qua

253 1053 514 1103 acquiescam.
568 1053 691 1090 ‘Idne
713 1051 848 1102 igitur'
869 1050 1023 1100 inquies
1043 1050 1177 1088 ‘facile
1198 1052 1272 1089 fers
1286 1052 1323 1088 ?'
1364 1052 1412 1088 Id
1433 1050 1588 1100 ipsum;

253 1120 438 1158 recordor
471 1118 577 1157 enim
610 1131 729 1168 quam
764 1118 868 1155 bella
899 1116 1096 1167 paulisper
1128 1115 1243 1154 nobis
1277 1115 1587 1165 gubernantibus

253 1184 388 1222 civitas
412 1184 537 1230 fuerit,
560 1196 661 1233 quae
689 1182 785 1220 mihi
811 1181 932 1232 gratia
956 1182 1076 1219 relata
1100 1180 1158 1218 sit.
1220 1182 1362 1218 Nullus
1387 1182 1500 1219 dolor
1524 1194 1587 1218 me
1609 1195 1644 1226 15

252 1249 358 1300 angit
387 1263 511 1287 unum
542 1248 676 1287 omnia
705 1261 846 1298 posse3
884 1246 1162 1295 dirumpuntur
1191 1245 1216 1283 ii
1246 1245 1313 1295 qui
1344 1260 1407 1284 me
1437 1245 1585 1295 aliquid

251 1328 368 1365 posse
389 1315 609 1353 doluerunt.
672 1314 800 1350 Multa
829 1311 925 1349 mihi
952 1312 1048 1349 dant
1076 1311 1231 1357 solacia,
1256 1324 1329 1348 nec
1355 1319 1487 1349 tamen
1513 1324 1585 1360 ego

252 1381 302 1418 de
324 1393 413 1418 meo
434 1386 536 1417 statu
557 1378 745 1428 demigro,
764 1390 945 1427 quaeque
966 1376 1043 1413 vita
1065 1375 1233 1414 maxime
1255 1384 1313 1413 est
1333 1377 1384 1414 ad
1405 1384 1583 1413 naturam

250 1446 301 1484 ad
333 1458 420 1483 eam
453 1458 515 1483 me
550 1445 687 1490 refero,
714 1444 764 1480 ad
797 1442 943 1480 litteras
977 1449 1015 1479 et
1049 1441 1179 1479 studia
1209 1449 1350 1479 nostra.
1413 1441 1583 1479 Dicendi

251 1511 426 1549 laborem
451 1509 714 1548 delectatione
742 1507 909 1547 oratoria
935 1509 1119 1545 consolor
1134 1521 1143 1553 3
1173 1508 1315 1545 domus
1344 1520 1407 1545 me
1431 1514 1469 1545 et
1497 1520 1583 1544 rura
1605 1519 1644 1541 20

250 1584 382 1614 nostra
411 1577 609 1614 delectant
625 1589 635 1622 3
672 1588 753 1612 non
784 1574 967 1611 recordor
997 1574 1103 1611 unde
1134 1572 1343 1611 ceciderim
1376 1573 1445 1610 sed
1476 1573 1582 1610 unde

248 1640 488 1678 surrexerim.
550 1641 723 1677 Fratrem
755 1651 911 1676 mecum
942 1646 979 1676 et
1011 1646 1047 1675 te
1078 1637 1108 1675 si
1140 1638 1307 1684 habebo,
1332 1651 1400 1687 per
1430 1651 1493 1675 me
1521 1637 1582 1674 isti

248 1705 416 1754 pedibus
450 1706 676 1752 trahantur3
719 1704 830 1742 vobis
860 1707 1175 1754 ἐμφιλοσοφῆσαι
1205 1717 1376 1753 possum.
1452 1704 1582 1741 Locus

236 1770 311 1808 ille
340 1769 460 1807 animi
490 1769 612 1808 nostri
639 1771 866 1807 stomachus
894 1769 961 1807 ubi
990 1769 1192 1807 habitabat
1222 1768 1315 1807 olim
1346 1767 1581 1814 concalluit3

247 1835 396 1886 privata
430 1836 552 1872 modo
590 1842 628 1872 et
660 1834 879 1872 domestica
917 1848 989 1871 nos
1024 1836 1232 1873 delectant.
1296 1833 1438 1871 Miram
1474 1846 1580 1870 secu-
1604 1846 1639 1876 25

247 1900 401 1938 ritatem
422 1899 599 1946 videbis3
637 1899 748 1937 cuius
773 1898 963 1949 plurimae
989 1913 1052 1937 me
1081 1900 1239 1937 hercule
1266 1906 1393 1948 partes
1419 1905 1509 1935 sunt
1540 1897 1579 1934 in

248 1973 317 2004 tuo
333 1965 476 2012 reditu;
503 1978 622 2002 nemo
639 1964 743 2002 enim
762 1964 800 2001 in
818 1964 926 2002 terris
947 1972 1004 2002 est
1027 1964 1122 2002 mihi
1140 1972 1219 2002 tam
1241 1962 1579 2001 consentientibus

248 2031 438 2069 sensibus.

0 2088 91 2138 [XVI.
121 2088 185 2139 11)
205 2098 229 2135 3
303 2097 381 2134 Sed
415 2095 550 2145 accipe
584 2095 668 2133 alia.
732 2097 811 2133 Res
846 2094 930 2132 fluit
960 2096 1012 2133 ad
1044 2095 1318 2144 interregnum,
1342 2101 1379 2131 et
1409 2101 1466 2131 est
1496 2106 1577 2130 non

248 2163 377 2199 nullus
412 2162 511 2199 odor
540 2160 766 2206 dictaturae,
799 2172 927 2197 sermo
957 2159 1118 2208 quidem
1154 2160 1324 2205 multus3
1363 2158 1430 2208 qui
1460 2158 1577 2195 etiam
1599 2169 1639 2199 30

291 2272 309 2298 4
334 2257 438 2298 πρῷρα
455 2257 578 2297 πρύμνα
604 2256 724 2287 Mam:
763 2255 897 2297 γοργεΐα
924 2255 1028 2295 ’γυμνά
1055 2257 1176 2287 Bositts
1320 2267 1359 2286 10
1385 2267 1450 2286 non
1479 2257 1576 2286 modo

248 2301 366 2333 M'2Zb:
390 2313 454 2332 om.
474 2301 535 2340 M1,
554 2301 591 2341 cf.
612 2301 655 2331 iii.
677 2311 725 2339 15.
745 2311 763 2340 5
857 2311 891 2330 11
920 2301 1084 2339 pristinae
1107 2301 1297 2340 Wesenberg
1379 2309 1416 2337 13
1441 2299 1507 2329 fers
1527 2300 1578 2329 E.-

247 2346 327 2376 ferri
346 2346 387 2375 M
499 2354 540 2382 23
564 2343 741 2373 trahantur
760 2343 949 2382 Malaspina
968 2343 1033 2373 coll.
1055 2343 1152 2374 Fam.
1171 2343 1238 2374 viii.
1257 2352 1308 2380 32.
1330 2353 1348 2372 2
1365 2354 1371 2372 :
1398 2343 1578 2373 trahuntur

247 2389 289 2419 Μ
419 2387 678 2427 ἔμφιλοσοφῆσαι
698 2385 920 2415 MHeadlam
940 2398 946 2416 :
970 2394 1068 2426 συμφ,
1091 2385 1294 2426 Hsyltenbaclz
1313 2386 1400 2426 vulg.
1536 2396 1575 2424 24

247 2433 415 2463 habitabat
433 2431 492 2462 M:
517 2431 643 2460 habitat
661 2429 775 2460 codices
792 2428 883 2459 Noni
895 2439 947 2468 90.
968 2440 986 2458 2
1160 2440 1200 2467 27
1225 2428 1316 2458 enim
1336 2429 1433 2459 Rom.
1451 2441 1456 2458 ς
1483 2430 1574 2459 enim

246 2479 390 2506 AEPPIC
409 2474 449 2504 M
