1773 2651
547 138 659 174 EPP.
692 138 770 174 AD
801 137 1059 175 ATTICVM
1404 137 1480 174 ΙΙΙ.
1505 146 1598 172 xxv

196 243 324 277 XXV
364 247 432 278 δυ’.
448 247 610 286 Dyrrachi
627 259 670 277 ιιι.
688 247 762 277 Dec.
780 258 808 278 a.
829 248 892 284 606
911 249 988 287 (58)
1001 251 1076 288 post
1092 247 1123 277 iv
1139 246 1201 285 Id„
1223 250 1296 276 (mle
1313 247 1336 276 1'1'
1350 246 1392 277 K.
1412 246 1482 277 Ian.

575 324 750 354 CICERO
775 324 947 355 ATTICO
974 324 1069 355 SAL.

207 403 300 439 Post
330 409 441 440 tuum
470 416 493 439 a
524 415 585 439 me
615 402 832 440 discessum
864 402 1012 440 litterae
1043 401 1138 439 mihi
1170 403 1300 439 Roma
1333 402 1486 439 adlatae

151 475 241 504 sunt
269 481 315 505 ex
342 467 486 517 quibus
514 467 708 517 perspicio
733 467 847 506 nobis
874 467 914 505 in
942 469 1015 505 hac
1043 466 1264 505 calamitate
1286 467 1486 504 tabescen-

113 545 130 576 5
151 533 247 570 dum
269 546 364 570 esse.
426 534 569 582 Neque
595 532 700 570 enini
724 532 811 581 (sed
834 533 980 571 bonam
1002 532 1040 570 in
1068 540 1217 582 partem
1246 531 1432 581 accipies)
1454 531 1484 569 si

152 599 230 635 ulla
250 611 338 647 spes
368 597 502 635 salutis
533 605 688 636 nostrae
717 599 909 643 subesset,
934 606 975 635 tu
1003 611 1073 647 pro
1098 605 1167 635 tuo
1194 610 1327 635 amore
1355 596 1393 633 in
1422 609 1485 633 me

151 663 227 700 hoc
267 670 443 712 tempore
478 662 734 701 discessisses,
794 664 872 701 Sed
908 677 957 701 ne
991 662 1130 712 ingrati
1164 669 1231 700 aut
1270 675 1320 699 ne
1351 660 1485 699 omnia

151 728 249 764 velle
282 726 489 765 nobiscum
525 740 604 764 una
636 726 791 765 interire
822 727 1035 774 videamur,
1070 728 1146 765 hoc
1181 726 1346 773 omitt03
1387 725 1483 763 illud

149 792 220 829 abs
242 798 279 829 te
300 799 392 840 peto
413 792 482 830 des
504 805 678 841 operam,
700 791 739 830 id
768 793 876 841 quod
898 791 993 829 mihi
1020 791 1247 837 adfirmasti,
1272 798 1313 829 ut
1334 798 1371 828 te
1392 797 1483 828 ante

92 869 130 890 10
153 857 354 894 Kalendas
378 856 578 894 Ianuarias
600 856 842 906 ubicumque
863 856 1006 894 erimus
1028 856 1150 894 sistas.

193 975 347 1010 XXVI
452 979 522 1010 Scr.
543 978 709 1019 Dyrrachi
724 990 768 1010 m.
791 979 951 1010 Ianuario
967 990 996 1010 a.
1018 982 1080 1018 697
1098 980 1188 1020 (575.

571 1051 745 1082 CICERO
769 1052 941 1082 ATTICO
968 1052 1065 1082 SAL.

204 1123 374 1162 Litterae
396 1123 491 1161 mihi
512 1137 534 1161 a
556 1124 707 1172 Quinto
735 1125 848 1162 fratre
870 1137 959 1161 611111
986 1131 1143 1162 senatus
1171 1125 1352 1162 consulto
1374 1124 1482 1173 quod

149 1189 200 1227 de
221 1202 283 1227 me
311 1197 369 1227 est
396 1190 541 1227 factum
569 1190 723 1227 adlatae
748 1197 848 1227 sunt.
911 1188 1012 1226 Mihi
1038 1188 1077 1226 in
1104 1188 1237 1227 animo
1267 1197 1325 1227 est
1352 1190 1481 1238 legum

92 1253 337 1296 15lationem
372 1262 596 1304 exspectare
635 1262 686 1301 et,
725 1254 757 1291 si
796 1254 1092 1301 obtrectabunt,
1128 1262 1212 1292 utar
1250 1253 1481 1292 auctoritate

149 1327 307 1357 senatus
341 1327 379 1358 et
411 1319 542 1369 potius
574 1319 651 1357 vita
685 1333 803 1369 quam
840 1319 963 1370 patria
997 1320 1149 1358 carebo.
1209 1321 1283 1366 Tu,
1320 1332 1477 1369 quaeso,

148 1384 289 1422 festina
308 1385 358 1422 ad
380 1398 451 1422 nos
473 1384 615 1423 venire.

191 1488 370 1523 XXVII
453 1491 523 1523 Ser.
544 1491 704 1530 Dyrracln
721 1502 767 1523 ex.
791 1504 833 1523 m.
855 1492 929 1522 Ian.
949 1504 979 1523 a.
1003 1493 1064 1532 697
1093 1493 1169 1533 (57).

563 1564 733 1594 CICERO
756 1564 936 1595 ATTICO
959 1564 1066 1596 SAL.

90 1651 129 1671 20
204 1636 263 1673 Ex
290 1635 365 1673 tuis
395 1635 530 1673 litteris
555 1644 593 1674 et
623 1650 669 1674 ex
696 1650 736 1675 re
763 1636 847 1686 ipsa
877 1651 948 1675 nos
977 1637 1154 1675 funditus
1181 1637 1326 1687 perisse
1351 1637 1476 1675 video.

149 1701 208 1737 Te
247 1713 316 1738 oro
355 1708 397 1738 ut
436 1700 579 1750 quibus
619 1701 658 1738 in
698 1702 814 1739 rebus
853 1702 909 1739 tui
950 1702 1026 1740 mei
1066 1702 1299 1752 indigebunt
1339 1702 1480 1740 nostris

151 1763 314 1803 miseriis
335 1778 385 1803 ne
406 1765 521 1804 desis.
583 1767 667 1816 Ego
689 1773 739 1813 te,
761 1774 803 1804 ut
823 1766 973 1812 scribis,'
994 1766 1072 1804 cito
1093 1767 1248 1805 videbo.

193 1877 213 1906 3
238 1879 256 1897 a
277 1868 346 1909 me]
370 1879 389 1899 a
405 1869 489 1899 meis
511 1869 647 1900 Kalml:
672 1870 713 1899 ad
738 1880 790 1900 me
815 1871 893 1901 coni.
921 1871 1060 1910 {vm-cll:
1087 1871 1147 1901 iam
1176 1870 1319 1903 Gurlitl:
1343 1871 1400 1904 del.
1420 1872 1475 1903 Fr.

150 1910 302 1941 Schmidt
431 1913 450 1942 8
468 1913 548 1953 hoc]
578 1913 662 1943 haec
690 1917 713 1943 Σ
740 1912 859 1944 Lamb.
1001 1925 1036 1952 15
1063 1919 1096 1944 et
1125 1926 1190 1946 om,
1219 1916 1239 1945 I
1367 1926 1404 1945 21
1432 1916 1479 1946 tui

150 1955 215 1984 mei
234 1955 433 1994 indigebunt
456 1956 584 1987 Baiter:
611 1958 657 1987 tui
677 1957 760 1987 meis
777 1957 996 1996 indulgebant
1014 1957 1056 1986 M
