1732 2661
638 174 959 212 PRAEFATIO

136 283 482 334 Wurceburgensis
532 297 699 333 quorum
745 284 962 333 fragmenta
1009 295 1135 333 pauca
1183 280 1463 332 pretiosissima

134 349 253 387 hodie
275 357 436 387 exstant.
489 350 590 388 Cum
614 349 676 386 hic
699 350 823 386 codex
845 356 882 386 et
903 347 1198 397 antiquissimus
1220 347 1269 385 sit
1284 347 1462 385 omnium

134 428 233 464 quos
277 415 468 453 habemus
510 422 548 453 et
589 422 630 452 ut
671 414 824 452 videtur
866 414 917 452 ab
958 412 1326 463 interpolationibus
1367 411 1464 449 liber

134 480 290 517 maximi
320 480 587 518 aestimandus
619 488 689 518 est.
749 482 795 517 In
827 481 985 518 saeculo
1014 479 1075 517 xvi
1102 481 1253 517 solutus
1281 485 1339 516 est
1366 477 1463 515 liber

133 544 171 581 in
208 545 324 594 partis
359 546 452 584 bina
487 546 577 584 folia
611 547 834 595 amplexas,
878 559 1044 595 quarum
1078 546 1246 594 partium
1279 551 1463 594 quattuor

132 609 314 648 inventae
336 619 426 649 sunt
448 625 548 661 quae
570 613 773 649 continent
796 610 856 662 (1)
877 610 923 649 vi.
949 625 980 648 1.
1009 622 1051 659 17
1075 611 1125 648 ad
1150 624 1182 647 2.
1209 625 1225 646 2
1251 617 1287 647 et
1312 623 1344 658 3.
1368 623 1391 655 4
1412 610 1462 646 ad

134 675 386 727 4.1;(2)x.
416 690 472 714 11.
501 691 516 713 1
540 678 591 714 ad
618 689 674 725 15.
699 690 747 722 43
777 675 835 726 (3)
864 676 910 713 xi.
935 690 1010 722 4.1
1036 676 1086 713 ad
1116 678 1148 712 6.
1176 689 1194 712 2
1221 682 1258 712 et
1287 689 1346 711 20.
1371 687 1389 710 2
1413 674 1462 710 ad

136 754 194 789 23.
222 754 270 789 33
299 739 358 792 (4)
386 742 432 778 xi.
464 753 495 789 7.
524 756 546 788 4
575 742 624 779 ad
655 756 710 778 12.
744 755 788 788 1,·
821 754 977 778 necnon
1005 740 1063 790 (5)
1092 748 1275 789 quattuor
1303 740 1463 776 frustula

132 805 340 854 quinorum
363 819 544 844 versuum
574 820 618 844 ex
647 806 746 844 libro
774 821 831 852 xv,
857 806 1003 844 scilicet
1031 819 1077 844 ex
1105 819 1136 842 2.
1159 819 1207 852 4:
1238 819 1273 852 4.
1300 819 1314 842 1
1337 820 1343 842 z
1380 807 1461 842 16.:

137 872 192 908 18.
221 884 250 918 1,
277 885 294 907 2
311 870 333 909 ¹.

186 934 384 984 Epistulas
417 937 468 974 ad
504 937 680 974 Atticum
711 936 889 974 inventas
919 937 1038 974 fuisse
1067 950 1089 975 a
1120 937 1328 974 Petrarcha
1357 949 1462 974 anno

140 1012 233 1049 1345
270 999 310 1037 in
345 999 587 1039 bibliotheca
625 1001 841 1039 cathedrali
876 1003 1084 1049 Veronae3
1123 1015 1171 1039 ex
1209 1002 1285 1039 hoc
1325 1000 1462 1039 codice

131 1064 361 1112 Veronensi,
378 1064 445 1115 qui
464 1067 563 1115 Epp.
578 1067 629 1103 ad
649 1068 813 1104 Brutum
830 1066 972 1104 librum
990 1065 1011 1113 i,
1030 1068 1101 1115 Ep.
1118 1067 1169 1103 ad
1186 1065 1459 1113 Octavianum,

134 1132 234 1180 Epp.
255 1132 306 1169 ad
333 1132 381 1180 Q.
404 1132 578 1170 Fratrem
607 1139 646 1170 et
670 1133 722 1170 ad
749 1131 926 1170 Atticum
954 1132 1186 1182 praestabat,
1210 1145 1233 1169 a
1254 1132 1462 1169 Petrarcha

132 1197 356 1246 exemplum
394 1196 635 1246 descriptum
675 1196 819 1245 fuisseg
865 1205 903 1235 et
942 1198 1121 1235 codicem
1160 1204 1198 1235 et
1237 1198 1459 1246 exemplum

133 1259 240 1298 brevi
281 1260 514 1308 evanuisse,
566 1274 697 1311 neque
738 1263 1013 1300 Veronensem
1056 1275 1186 1312 neque
1229 1263 1461 1300 Petrarchae

130 1327 385 1374 apographon
413 1339 497 1364 esse
522 1328 703 1364 codicem
724 1326 955 1364 Mediceum
977 1341 1039 1376 49.
1067 1329 1112 1364 18
1134 1327 1237 1377 (M),
1257 1327 1326 1365 sed
1352 1326 1460 1364 illum

130 1390 310 1428 codicem
333 1390 421 1428 circ.
442 1404 592 1428 annum
614 1405 714 1440 1390
737 1391 1013 1429 mercennariis
1035 1391 1197 1429 librariis
1218 1405 1240 1429 a
1262 1392 1461 1441 Pasquino

131 1456 181 1492 de
202 1454 383 1504 Capellis,
408 1455 628 1494 Mediolani
650 1456 895 1503 cancellario,
914 1457 954 1493 in
974 1469 1089 1493 usum
1111 1455 1275 1495 Colucci
1298 1455 1460 1494 Salutati

132 1519 347 1557 Florentini
373 1533 457 1558 esse
484 1522 710 1558 confectum
732 1522 831 1559 inter
856 1520 985 1559 omnis
1007 1528 1170 1559 constat.
1231 1521 1309 1558 Sed
1330 1528 1458 1558 utrum

132 1586 340 1624 Mediceus
378 1587 442 1624 ille
485 1594 688 1636 tamquam
730 1588 1035 1625 fundamentum
1074 1588 1122 1624 sit
1160 1587 1368 1636 ponendus
1407 1586 1461 1624 rei

129 1651 287 1691 criticae
321 1653 588 1702 Epistularum
620 1653 671 1690 ad
702 1652 890 1700 Atticum,
923 1666 974 1691 an
1006 1652 1082 1690 sint
1111 1651 1175 1690 alii
1204 1652 1363 1691 codices
1393 1653 1458 1703 qui

129 1730 211 1755 non
231 1731 278 1755 ex
297 1719 357 1756 M
375 1719 574 1767 pendeant
596 1717 744 1767 quique
768 1732 937 1768 aequam
958 1725 1193 1768 potestatem
1218 1731 1310 1756 cum
1330 1720 1389 1756 M
1407 1718 1461 1757 ita

130 1781 204 1819 sibi
224 1782 426 1821 vindicent
453 1790 495 1820 ut
513 1784 574 1820 Μ
592 1797 675 1821 11011
701 1791 744 1821 ut
770 1791 885 1822 antea
909 1783 1052 1833 primas
1077 1782 1194 1832 partis
1220 1784 1327 1822 solus
1347 1797 1460 1834 agere

129 1846 263 1897 possit,
286 1847 387 1886 inter
405 1849 509 1886 viros
536 1849 676 1887 doctos
696 1849 812 1887 valde
838 1849 1089 1897 disceptatur.
1149 1849 1327 1897 Quarum
1348 1849 1461 1887 ratio-

129 1926 226 1949 num
246 1913 432 1962 equidem
452 1913 504 1951 ad
524 1913 782 1963 posteriorem
803 1913 925 1963 magis
947 1912 1107 1951 inclino.

183 1979 232 2016 In
266 1978 506 2028 praefatione
540 1979 724 2018 editionis
756 1980 1040 2018 Cratandrinae
1068 1993 1103 2029 p.
1138 1993 1161 2026 4
1191 1980 1288 2017 haec
1318 1980 1459 2030 scripta

128 2051 294 2081 sunt:—

178 2130 387 2175 ‘Imprimis
422 2143 509 2165 usus
545 2143 626 2165 sum
662 2131 853 2165 codicibus
883 2132 981 2166 haud
1018 2132 1250 2167 mediocriter
1281 2134 1456 2169 vetustis:

129 2199 283 2232 quorum
308 2189 368 2222 alii
393 2201 467 2223 non
492 2193 615 2234 parvis
641 2189 836 2234 impendiis
862 2201 981 2234 neque
999 2191 1139 2234 vulgari
1164 2192 1459 2235 peregrinatione

173 2271 184 2291 ¹
211 2273 260 2302 De
291 2272 341 2311 (1)
371 2277 406 2302 et
435 2273 481 2311 (4)
509 2274 664 2303 disseruit
693 2274 844 2313 Spengel
878 2276 909 2304 in
939 2274 1117 2305 ‘Gelehrte
1146 2275 1296 2314 Anzeige
1326 2276 1387 2306 der
1415 2277 1456 2307 K.

129 2317 347 2354 bayerischer
370 2316 574 2346 Academie'
604 2318 686 2355 1846
712 2328 766 2356 pp.
794 2320 858 2356 926
883 2329 965 2356 sqq.‚
992 2319 1057 2356 916
1082 2329 1177 2356 sqq.:
1206 2320 1247 2348 de
1273 2319 1326 2358 (2)
1351 2324 1386 2349 et
1409 2321 1457 2358 (5)

131 2358 279 2397 Schepss
304 2359 336 2388 in
367 2359 520 2389 ‘Blatter
547 2360 599 2390 sijr
623 2361 682 2390 das
710 2361 911 2399 bayerische
942 2360 1372 2400 Gymnasialschulwesen’
1400 2374 1455 2394 xx.

130 2412 186 2441 pp.
215 2413 243 2440 7,
275 2411 358 2432 111:
391 2403 432 2432 de
458 2404 509 2442 <35
538 2403 636 2433 Halm
671 2404 703 2434 in
732 2404 981 2434 ‘Rheinisches
1014 2404 1184 2435 Museum’
1210 2405 1300 2437 xviii.
1328 2407 1456 2447 (1863),

130 2455 162 2483 p.
182 2448 246 2483 406
265 2455 314 2484 sq.
