<?xml version="1.0" encoding="UTF-8"?>
<!DOCTYPE html PUBLIC "-//W3C//DTD XHTML 1.0 Transitional//EN"
    "http://www.w3.org/TR/xhtml1/DTD/xhtml1-transitional.dtd">
<html xmlns="http://www.w3.org/1999/xhtml" xml:lang="en" lang="en">
 <head>
  <title>
</title>
<meta http-equiv="Content-Type" content="text/html;charset=utf-8" />
  <meta name='ocr-system' content='tesseract 3.04.00' />
  <meta name='ocr-capabilities' content='ocr_page ocr_carea ocr_par ocr_line ocrx_word'/>
</head>
<body>
  <div class='ocr_page' id='page_1' title='image "./p1epistulaerecog02ciceuoft_0172.png"; bbox 0 0 1773 2651; ppageno 0'>
   <div class='ocr_carea' id='block_1_1' title="bbox 181 187 1246 226">
    <p class='ocr_par' dir='ltr' id='par_1_1' title="bbox 181 187 1246 226">
     <span class='ocr_line' id='line_1_1' title="bbox 181 187 1246 226; baseline 0 -1"><span class='ocrx_word' id='word_1_1' title='bbox 181 189 228 226; x_wconf 90' lang='lat' dir='ltr'>V.</span> <span class='ocrx_word' id='word_1_2' title='bbox 248 199 277 224; x_wconf 86' lang='lat' dir='ltr'>x</span> <span class='ocrx_word' id='word_1_3' title='bbox 651 189 706 225; x_wconf 82' lang='grc' dir='ltr'>Μ,</span> <span class='ocrx_word' id='word_1_4' title='bbox 739 188 907 224; x_wconf 91' lang='lat' dir='ltr'>TVLLI</span> <span class='ocrx_word' id='word_1_5' title='bbox 940 187 1246 226; x_wconf 86' lang='lat' dir='ltr'>CICERONIS</span> 
     </span>
    </p>
   </div>
   <div class='ocr_carea' id='block_1_2' title="bbox 222 299 1665 1716">
    <p class='ocr_par' dir='ltr' id='par_1_2' title="bbox 273 299 1645 726">
     <span class='ocr_line' id='line_1_2' title="bbox 277 299 1610 349; baseline 0.001 -12"><span class='ocrx_word' id='word_1_6' title='bbox 277 300 361 337; x_wconf 89' lang='lat' dir='ltr'>Etsi</span> <span class='ocrx_word' id='word_1_7' title='bbox 392 301 489 338; x_wconf 85' lang='lat' dir='ltr'>haec</span> <span class='ocrx_word' id='word_1_8' title='bbox 519 299 603 349; x_wconf 77' lang='lat' dir='ltr'>ipsa</span> <span class='ocrx_word' id='word_1_9' title='bbox 633 301 714 337; x_wconf 85' lang='lat' dir='ltr'>fero</span> <span class='ocrx_word' id='word_1_10' title='bbox 745 299 931 348; x_wconf 77' lang='lat' dir='ltr'>equidem</span> <span class='ocrx_word' id='word_1_11' title='bbox 963 301 1101 345; x_wconf 86' lang='lat' dir='ltr'>fronte,</span> <span class='ocrx_word' id='word_1_12' title='bbox 1125 307 1167 337; x_wconf 89' lang='lat' dir='ltr'>ut</span> <span class='ocrx_word' id='word_1_13' title='bbox 1196 307 1304 349; x_wconf 83' lang='lat' dir='ltr'>puto,</span> <span class='ocrx_word' id='word_1_14' title='bbox 1328 307 1365 337; x_wconf 91' lang='lat' dir='ltr'>et</span> <span class='ocrx_word' id='word_1_15' title='bbox 1393 301 1501 337; x_wconf 79' lang='lat' dir='ltr'>vultu</span> <span class='ocrx_word' id='word_1_16' title='bbox 1530 301 1610 338; x_wconf 89' lang='lat' dir='ltr'>bel-</span> 
     </span>
     <span class='ocr_line' id='line_1_3' title="bbox 275 364 1608 414; baseline 0.002 -13"><span class='ocrx_word' id='word_1_17' title='bbox 275 364 421 402; x_wconf 83' lang='lat' dir='ltr'>lissime</span> <span class='ocrx_word' id='word_1_18' title='bbox 452 366 521 402; x_wconf 84' lang='lat' dir='ltr'>sed</span> <span class='ocrx_word' id='word_1_19' title='bbox 546 378 668 414; x_wconf 76' lang='lat' dir='ltr'>angor</span> <span class='ocrx_word' id='word_1_20' title='bbox 696 364 843 401; x_wconf 85' lang='lat' dir='ltr'>intimis</span> <span class='ocrx_word' id='word_1_21' title='bbox 872 364 1076 407; x_wconf 77' lang='lat' dir='ltr'>sensibus;</span> <span class='ocrx_word' id='word_1_22' title='bbox 1107 364 1159 401; x_wconf 80' lang='lat' dir='ltr'>ita</span> <span class='ocrx_word' id='word_1_23' title='bbox 1188 366 1310 401; x_wconf 79' lang='lat' dir='ltr'>multa</span> <span class='ocrx_word' id='word_1_24' title='bbox 1334 366 1394 401; x_wconf 84' lang='lat' dir='ltr'>vel</span> <span class='ocrx_word' id='word_1_25' title='bbox 1422 364 1608 403; x_wconf 75' lang='lat' dir='ltr'>iracunde</span> 
     </span>
     <span class='ocr_line' id='line_1_4' title="bbox 275 428 1609 478; baseline 0 -11"><span class='ocrx_word' id='word_1_26' title='bbox 275 431 335 467; x_wconf 91' lang='lat' dir='ltr'>vel</span> <span class='ocrx_word' id='word_1_27' title='bbox 364 429 577 467; x_wconf 74' lang='lat' dir='ltr'>insolenter</span> <span class='ocrx_word' id='word_1_28' title='bbox 598 430 657 466; x_wconf 87' lang='lat' dir='ltr'>vel</span> <span class='ocrx_word' id='word_1_29' title='bbox 686 428 724 465; x_wconf 90' lang='lat' dir='ltr'>in</span> <span class='ocrx_word' id='word_1_30' title='bbox 751 428 860 466; x_wconf 91' lang='lat' dir='ltr'>omni</span> <span class='ocrx_word' id='word_1_31' title='bbox 888 442 1030 478; x_wconf 81' lang='lat' dir='ltr'>genere</span> <span class='ocrx_word' id='word_1_32' title='bbox 1058 430 1175 466; x_wconf 84' lang='lat' dir='ltr'>stulte</span> <span class='ocrx_word' id='word_1_33' title='bbox 1205 429 1352 467; x_wconf 81' lang='lat' dir='ltr'>insulse</span> <span class='ocrx_word' id='word_1_34' title='bbox 1375 430 1609 478; x_wconf 76' lang='lat' dir='ltr'>adroganter</span> 
     </span>
     <span class='ocr_line' id='line_1_5' title="bbox 274 493 1607 544; baseline -0.001 -12"><span class='ocrx_word' id='word_1_35' title='bbox 274 501 312 532; x_wconf 93' lang='lat' dir='ltr'>et</span> <span class='ocrx_word' id='word_1_36' title='bbox 333 494 518 532; x_wconf 89' lang='lat' dir='ltr'>dicuntur</span> <span class='ocrx_word' id='word_1_37' title='bbox 538 502 575 532; x_wconf 79' lang='lat' dir='ltr'>et</span> <span class='ocrx_word' id='word_1_38' title='bbox 597 501 774 531; x_wconf 84' lang='lat' dir='ltr'>tacentur</span> <span class='ocrx_word' id='word_1_39' title='bbox 796 493 941 531; x_wconf 81' lang='lat' dir='ltr'>cotidie</span> <span class='ocrx_word' id='word_1_40' title='bbox 956 508 965 540; x_wconf 75' lang='lat'><em>3</em></span> <span class='ocrx_word' id='word_1_41' title='bbox 996 507 1097 542; x_wconf 87' lang='lat' dir='ltr'>quae</span> <span class='ocrx_word' id='word_1_42' title='bbox 1118 507 1199 531; x_wconf 91' lang='lat' dir='ltr'>non</span> <span class='ocrx_word' id='word_1_43' title='bbox 1222 508 1301 544; x_wconf 81' lang='lat' dir='ltr'>quo</span> <span class='ocrx_word' id='word_1_44' title='bbox 1323 502 1360 531; x_wconf 90' lang='lat' dir='ltr'>te</span> <span class='ocrx_word' id='word_1_45' title='bbox 1381 495 1505 531; x_wconf 89' lang='lat' dir='ltr'>celem</span> <span class='ocrx_word' id='word_1_46' title='bbox 1526 508 1607 531; x_wconf 92' lang='lat' dir='ltr'>non</span> 
     </span>
     <span class='ocr_line' id='line_1_6' title="bbox 273 558 1645 608; baseline 0 -12"><span class='ocrx_word' id='word_1_47' title='bbox 273 559 472 608; x_wconf 77' lang='lat' dir='ltr'>perscribo</span> <span class='ocrx_word' id='word_1_48' title='bbox 506 560 575 596; x_wconf 88' lang='lat' dir='ltr'>sed</span> <span class='ocrx_word' id='word_1_49' title='bbox 615 558 707 608; x_wconf 84' lang='lat' dir='ltr'>quia</span> <span class='ocrx_word' id='word_1_50' title='bbox 742 559 984 607; x_wconf 76' lang='grc' dir='ltr'>δυσεξείλητα</span> <span class='ocrx_word' id='word_1_51' title='bbox 1016 566 1116 596; x_wconf 89' lang='lat' dir='ltr'>sunt.</span> <span class='ocrx_word' id='word_1_52' title='bbox 1193 560 1332 607; x_wconf 80' lang='lat' dir='ltr'>Itaque</span> <span class='ocrx_word' id='word_1_53' title='bbox 1363 558 1608 596; x_wconf 76' lang='lat' dir='ltr'>admirabere</span> <span class='ocrx_word' id='word_1_54' title='bbox 1628 569 1645 600; x_wconf 90' lang='lat'>5</span> 
     </span>
     <span class='ocr_line' id='line_1_7' title="bbox 274 622 1608 673; baseline 0.001 -12"><span class='ocrx_word' id='word_1_55' title='bbox 274 637 401 661; x_wconf 84' lang='lat' dir='ltr'>meam</span> <span class='ocrx_word' id='word_1_56' title='bbox 433 624 628 672; x_wconf 58' lang='grc' dir='ltr'>βαθύτητα</span> <span class='ocrx_word' id='word_1_57' title='bbox 662 637 752 660; x_wconf 92' lang='lat' dir='ltr'>cum</span> <span class='ocrx_word' id='word_1_58' title='bbox 789 622 883 661; x_wconf 86' lang='lat' dir='ltr'>salvi</span> <span class='ocrx_word' id='word_1_59' title='bbox 916 622 1170 670; x_wconf 76' lang='lat' dir='ltr'>redierimus3</span> <span class='ocrx_word' id='word_1_60' title='bbox 1205 631 1313 661; x_wconf 83' lang='lat' dir='ltr'>tanta</span> <span class='ocrx_word' id='word_1_61' title='bbox 1342 622 1437 660; x_wconf 89' lang='lat' dir='ltr'>mihi</span> <span class='ocrx_word' id='word_1_62' title='bbox 1468 624 1608 673; x_wconf 85' lang='grc' dir='ltr'>μελέτη</span> 
     </span>
     <span class='ocr_line' id='line_1_8' title="bbox 273 688 721 726; baseline 0.002 -1"><span class='ocrx_word' id='word_1_63' title='bbox 273 688 386 725; x_wconf 86' lang='lat' dir='ltr'>huius</span> <span class='ocrx_word' id='word_1_64' title='bbox 417 688 566 726; x_wconf 81' lang='lat' dir='ltr'>virtutis</span> <span class='ocrx_word' id='word_1_65' title='bbox 597 690 721 726; x_wconf 87' lang='lat' dir='ltr'>datur.</span> 
     </span>
    </p>

    <p class='ocr_par' dir='ltr' id='par_1_3' title="bbox 230 752 1665 1312">
     <span class='ocr_line' id='line_1_9' title="bbox 230 752 1607 803; baseline 0 -13"><span class='ocrx_word' id='word_1_66' title='bbox 230 764 255 801; x_wconf 88' lang='lat'>4</span> <span class='ocrx_word' id='word_1_67' title='bbox 327 755 429 803; x_wconf 80' lang='lat' dir='ltr'>Ergo</span> <span class='ocrx_word' id='word_1_68' title='bbox 451 754 547 791; x_wconf 82' lang='lat' dir='ltr'>haec</span> <span class='ocrx_word' id='word_1_69' title='bbox 569 766 729 803; x_wconf 79' lang='lat' dir='ltr'>quoque</span> <span class='ocrx_word' id='word_1_70' title='bbox 750 754 966 800; x_wconf 74' lang='lat' dir='ltr'>hactenus3</span> <span class='ocrx_word' id='word_1_71' title='bbox 996 752 1067 791; x_wconf 90' lang='lat' dir='ltr'>etsi</span> <span class='ocrx_word' id='word_1_72' title='bbox 1090 752 1185 790; x_wconf 89' lang='lat' dir='ltr'>mihi</span> <span class='ocrx_word' id='word_1_73' title='bbox 1207 752 1304 790; x_wconf 86' lang='lat' dir='ltr'>nihil</span> <span class='ocrx_word' id='word_1_74' title='bbox 1325 760 1405 791; x_wconf 85' lang='lat' dir='ltr'>erat</span> <span class='ocrx_word' id='word_1_75' title='bbox 1433 753 1607 803; x_wconf 89' lang='lat' dir='ltr'>proposi-</span> 
     </span>
     <span class='ocr_line' id='line_1_10' title="bbox 270 817 1601 867; baseline 0.001 -12"><span class='ocrx_word' id='word_1_76' title='bbox 270 824 354 855; x_wconf 89' lang='lat' dir='ltr'>tum</span> <span class='ocrx_word' id='word_1_77' title='bbox 382 819 432 856; x_wconf 83' lang='lat' dir='ltr'>ad</span> <span class='ocrx_word' id='word_1_78' title='bbox 463 817 729 865; x_wconf 85' lang='lat' dir='ltr'>scribendum,</span> <span class='ocrx_word' id='word_1_79' title='bbox 758 818 849 867; x_wconf 81' lang='lat' dir='ltr'>quia</span> <span class='ocrx_word' id='word_1_80' title='bbox 879 817 975 867; x_wconf 83' lang='lat' dir='ltr'>quid</span> <span class='ocrx_word' id='word_1_81' title='bbox 1005 831 1149 867; x_wconf 81' lang='lat' dir='ltr'>ageres,</span> <span class='ocrx_word' id='word_1_82' title='bbox 1173 817 1240 855; x_wconf 89' lang='lat' dir='ltr'>ubi</span> <span class='ocrx_word' id='word_1_83' title='bbox 1272 826 1458 855; x_wconf 85' lang='lat' dir='ltr'>terrarum</span> <span class='ocrx_word' id='word_1_84' title='bbox 1486 832 1601 864; x_wconf 87' lang='lat' dir='ltr'>esses,</span> 
     </span>
     <span class='ocr_line' id='line_1_11' title="bbox 270 882 1665 932; baseline 0 -12"><span class='ocrx_word' id='word_1_85' title='bbox 270 896 319 921; x_wconf 90' lang='lat' dir='ltr'>ne</span> <span class='ocrx_word' id='word_1_86' title='bbox 359 882 586 932; x_wconf 82' lang='lat' dir='ltr'>suspicabar</span> <span class='ocrx_word' id='word_1_87' title='bbox 624 882 796 932; x_wconf 82' lang='lat' dir='ltr'>quidem.</span> <span class='ocrx_word' id='word_1_88' title='bbox 870 884 955 921; x_wconf 92' lang='lat' dir='ltr'>Nec</span> <span class='ocrx_word' id='word_1_89' title='bbox 988 884 1147 921; x_wconf 85' lang='lat' dir='ltr'>hercule</span> <span class='ocrx_word' id='word_1_90' title='bbox 1187 896 1376 932; x_wconf 81' lang='lat' dir='ltr'>umquam</span> <span class='ocrx_word' id='word_1_91' title='bbox 1417 890 1495 920; x_wconf 82' lang='lat' dir='ltr'>tam</span> <span class='ocrx_word' id='word_1_92' title='bbox 1535 883 1603 921; x_wconf 91' lang='lat' dir='ltr'>diu</span> <span class='ocrx_word' id='word_1_93' title='bbox 1626 898 1665 920; x_wconf 94' lang='lat'>10</span> 
     </span>
     <span class='ocr_line' id='line_1_12' title="bbox 270 947 1604 998; baseline 0 -13"><span class='ocrx_word' id='word_1_94' title='bbox 270 947 425 998; x_wconf 81' lang='lat' dir='ltr'>ignarus</span> <span class='ocrx_word' id='word_1_95' title='bbox 447 962 574 986; x_wconf 88' lang='lat' dir='ltr'>rerum</span> <span class='ocrx_word' id='word_1_96' title='bbox 592 961 767 986; x_wconf 81' lang='lat' dir='ltr'>mearum</span> <span class='ocrx_word' id='word_1_97' title='bbox 791 947 855 994; x_wconf 84' lang='lat' dir='ltr'>fui,</span> <span class='ocrx_word' id='word_1_98' title='bbox 872 947 968 997; x_wconf 82' lang='lat' dir='ltr'>quid</span> <span class='ocrx_word' id='word_1_99' title='bbox 986 948 1035 985; x_wconf 92' lang='lat' dir='ltr'>de</span> <span class='ocrx_word' id='word_1_100' title='bbox 1053 947 1242 994; x_wconf 78' lang='lat' dir='ltr'>Caesaris,</span> <span class='ocrx_word' id='word_1_101' title='bbox 1260 947 1355 996; x_wconf 83' lang='lat' dir='ltr'>quid</span> <span class='ocrx_word' id='word_1_102' title='bbox 1372 949 1422 985; x_wconf 88' lang='lat' dir='ltr'>de</span> <span class='ocrx_word' id='word_1_103' title='bbox 1442 947 1604 985; x_wconf 87' lang='lat' dir='ltr'>Milonis</span> 
     </span>
     <span class='ocr_line' id='line_1_13' title="bbox 270 1012 1605 1059; baseline 0 -9"><span class='ocrx_word' id='word_1_104' title='bbox 270 1013 498 1051; x_wconf 82' lang='lat' dir='ltr'>nominibus</span> <span class='ocrx_word' id='word_1_105' title='bbox 515 1020 646 1051; x_wconf 82' lang='lat' dir='ltr'>actum</span> <span class='ocrx_word' id='word_1_106' title='bbox 664 1012 711 1050; x_wconf 79' lang='lat' dir='ltr'>sit</span> <span class='ocrx_word' id='word_1_107' title='bbox 727 1027 736 1059; x_wconf 76' lang='grc'>,-</span> <span class='ocrx_word' id='word_1_108' title='bbox 756 1026 802 1050; x_wconf 86' lang='lat' dir='ltr'>ac</span> <span class='ocrx_word' id='word_1_109' title='bbox 819 1026 899 1050; x_wconf 92' lang='lat' dir='ltr'>non</span> <span class='ocrx_word' id='word_1_110' title='bbox 918 1014 1038 1050; x_wconf 93' lang='lat' dir='ltr'>modo</span> <span class='ocrx_word' id='word_1_111' title='bbox 1055 1025 1174 1050; x_wconf 90' lang='lat' dir='ltr'>nemo</span> <span class='ocrx_word' id='word_1_112' title='bbox 1191 1013 1313 1050; x_wconf 92' lang='lat' dir='ltr'>domo</span> <span class='ocrx_word' id='word_1_113' title='bbox 1329 1014 1395 1050; x_wconf 81' lang='lat' dir='ltr'>sed</span> <span class='ocrx_word' id='word_1_114' title='bbox 1406 1026 1456 1050; x_wconf 92' lang='lat' dir='ltr'>ne</span> <span class='ocrx_word' id='word_1_115' title='bbox 1474 1014 1605 1051; x_wconf 85' lang='lat' dir='ltr'>Roma</span> 
     </span>
     <span class='ocr_line' id='line_1_14' title="bbox 269 1077 1599 1128; baseline 0 -12"><span class='ocrx_word' id='word_1_116' title='bbox 269 1078 431 1128; x_wconf 86' lang='lat' dir='ltr'>quidem</span> <span class='ocrx_word' id='word_1_117' title='bbox 457 1077 677 1128; x_wconf 83' lang='lat' dir='ltr'>quisquam,</span> <span class='ocrx_word' id='word_1_118' title='bbox 701 1085 743 1115; x_wconf 91' lang='lat' dir='ltr'>ut</span> <span class='ocrx_word' id='word_1_119' title='bbox 764 1077 952 1115; x_wconf 83' lang='lat' dir='ltr'>sciremus</span> <span class='ocrx_word' id='word_1_120' title='bbox 980 1077 1019 1114; x_wconf 94' lang='lat' dir='ltr'>in</span> <span class='ocrx_word' id='word_1_121' title='bbox 1041 1091 1080 1115; x_wconf 92' lang='lat' dir='ltr'>re</span> <span class='ocrx_word' id='word_1_122' title='bbox 1104 1077 1264 1127; x_wconf 82' lang='lat' dir='ltr'>publica</span> <span class='ocrx_word' id='word_1_123' title='bbox 1292 1077 1388 1127; x_wconf 86' lang='lat' dir='ltr'>quid</span> <span class='ocrx_word' id='word_1_124' title='bbox 1413 1086 1599 1128; x_wconf 81' lang='lat' dir='ltr'>ageretur.</span> 
     </span>
     <span class='ocr_line' id='line_1_15' title="bbox 268 1142 1602 1193; baseline -0.001 -11"><span class='ocrx_word' id='word_1_125' title='bbox 268 1144 358 1192; x_wconf 85' lang='lat' dir='ltr'>Qua</span> <span class='ocrx_word' id='word_1_126' title='bbox 392 1157 431 1182; x_wconf 92' lang='lat' dir='ltr'>re</span> <span class='ocrx_word' id='word_1_127' title='bbox 461 1143 491 1181; x_wconf 84' lang='lat' dir='ltr'>si</span> <span class='ocrx_word' id='word_1_128' title='bbox 525 1143 620 1193; x_wconf 84' lang='lat' dir='ltr'>quid</span> <span class='ocrx_word' id='word_1_129' title='bbox 653 1143 722 1181; x_wconf 88' lang='lat' dir='ltr'>erit</span> <span class='ocrx_word' id='word_1_130' title='bbox 753 1144 861 1193; x_wconf 84' lang='lat' dir='ltr'>quod</span> <span class='ocrx_word' id='word_1_131' title='bbox 892 1142 990 1180; x_wconf 89' lang='lat' dir='ltr'>scias</span> <span class='ocrx_word' id='word_1_132' title='bbox 1021 1144 1071 1181; x_wconf 93' lang='lat' dir='ltr'>de</span> <span class='ocrx_word' id='word_1_133' title='bbox 1101 1142 1146 1180; x_wconf 90' lang='lat' dir='ltr'>iis</span> <span class='ocrx_word' id='word_1_134' title='bbox 1177 1143 1292 1180; x_wconf 87' lang='lat' dir='ltr'>rebus</span> <span class='ocrx_word' id='word_1_135' title='bbox 1321 1156 1418 1192; x_wconf 86' lang='lat' dir='ltr'>quas</span> <span class='ocrx_word' id='word_1_136' title='bbox 1445 1143 1602 1192; x_wconf 87' lang='lat' dir='ltr'>putabis</span> 
     </span>
     <span class='ocr_line' id='line_1_16' title="bbox 267 1207 1660 1259; baseline -0.002 -12"><span class='ocrx_word' id='word_1_137' title='bbox 267 1209 365 1247; x_wconf 83' lang='lat' dir='ltr'>scire</span> <span class='ocrx_word' id='word_1_138' title='bbox 387 1223 449 1247; x_wconf 89' lang='lat' dir='ltr'>me</span> <span class='ocrx_word' id='word_1_139' title='bbox 470 1210 580 1255; x_wconf 86' lang='lat' dir='ltr'>velle,</span> <span class='ocrx_word' id='word_1_140' title='bbox 604 1222 671 1258; x_wconf 90' lang='lat' dir='ltr'>per</span> <span class='ocrx_word' id='word_1_141' title='bbox 693 1207 787 1246; x_wconf 87' lang='lat' dir='ltr'>mihi</span> <span class='ocrx_word' id='word_1_142' title='bbox 809 1215 961 1257; x_wconf 79' lang='lat' dir='ltr'>gratum</span> <span class='ocrx_word' id='word_1_143' title='bbox 984 1207 1055 1246; x_wconf 90' lang='lat' dir='ltr'>erit</span> <span class='ocrx_word' id='word_1_144' title='bbox 1077 1207 1107 1245; x_wconf 88' lang='lat' dir='ltr'>si</span> <span class='ocrx_word' id='word_1_145' title='bbox 1134 1207 1173 1246; x_wconf 93' lang='lat' dir='ltr'>id</span> <span class='ocrx_word' id='word_1_146' title='bbox 1195 1207 1339 1246; x_wconf 88' lang='lat' dir='ltr'>curaris</span> <span class='ocrx_word' id='word_1_147' title='bbox 1361 1209 1411 1246; x_wconf 88' lang='lat' dir='ltr'>ad</span> <span class='ocrx_word' id='word_1_148' title='bbox 1437 1222 1500 1246; x_wconf 93' lang='lat' dir='ltr'>me</span> <span class='ocrx_word' id='word_1_149' title='bbox 1521 1222 1602 1259; x_wconf 89' lang='lat' dir='ltr'>per·</span> <span class='ocrx_word' id='word_1_150' title='bbox 1626 1223 1660 1254; x_wconf 83' lang='lat'>15</span> 
     </span>
     <span class='ocr_line' id='line_1_17' title="bbox 266 1275 483 1312; baseline 0.005 -1"><span class='ocrx_word' id='word_1_151' title='bbox 266 1275 483 1312; x_wconf 87' lang='lat' dir='ltr'>ferendum.</span> 
     </span>
    </p>

    <p class='ocr_par' dir='ltr' id='par_1_4' title="bbox 222 1338 1658 1716">
     <span class='ocr_line' id='line_1_18' title="bbox 222 1338 1600 1389; baseline 0 -12"><span class='ocrx_word' id='word_1_152' title='bbox 222 1345 247 1383; x_wconf 90' lang='lat'><strong><em>5</em></strong></span> <span class='ocrx_word' id='word_1_153' title='bbox 321 1340 429 1387; x_wconf 85' lang='lat' dir='ltr'>Quid</span> <span class='ocrx_word' id='word_1_154' title='bbox 465 1347 522 1378; x_wconf 90' lang='lat' dir='ltr'>est</span> <span class='ocrx_word' id='word_1_155' title='bbox 552 1341 780 1389; x_wconf 87' lang='lat' dir='ltr'>praeterea?</span> <span class='ocrx_word' id='word_1_156' title='bbox 838 1339 946 1376; x_wconf 89' lang='lat' dir='ltr'>Nihil</span> <span class='ocrx_word' id='word_1_157' title='bbox 978 1352 1071 1377; x_wconf 84' lang='lat' dir='ltr'>sane</span> <span class='ocrx_word' id='word_1_158' title='bbox 1102 1338 1175 1376; x_wconf 90' lang='lat' dir='ltr'>nisi</span> <span class='ocrx_word' id='word_1_159' title='bbox 1211 1338 1317 1377; x_wconf 92' lang='lat' dir='ltr'>illud.</span> <span class='ocrx_word' id='word_1_160' title='bbox 1378 1340 1507 1377; x_wconf 80' lang='lat' dir='ltr'>Valde</span> <span class='ocrx_word' id='word_1_161' title='bbox 1537 1353 1600 1377; x_wconf 88' lang='lat' dir='ltr'>me</span> 
     </span>
     <span class='ocr_line' id='line_1_19' title="bbox 264 1404 1599 1443; baseline 0 -1"><span class='ocrx_word' id='word_1_162' title='bbox 264 1406 446 1443; x_wconf 78' lang='lat' dir='ltr'>Athenae</span> <span class='ocrx_word' id='word_1_163' title='bbox 474 1406 718 1443; x_wconf 75' lang='lat' dir='ltr'>delectarunt</span> <span class='ocrx_word' id='word_1_164' title='bbox 746 1404 842 1442; x_wconf 89' lang='lat' dir='ltr'>urbe</span> <span class='ocrx_word' id='word_1_165' title='bbox 872 1406 1075 1442; x_wconf 77' lang='lat' dir='ltr'>dumtaxat</span> <span class='ocrx_word' id='word_1_166' title='bbox 1103 1412 1141 1442; x_wconf 90' lang='lat' dir='ltr'>et</span> <span class='ocrx_word' id='word_1_167' title='bbox 1170 1404 1275 1442; x_wconf 85' lang='lat' dir='ltr'>urbis</span> <span class='ocrx_word' id='word_1_168' title='bbox 1304 1412 1537 1442; x_wconf 85' lang='lat' dir='ltr'>ornamento</span> <span class='ocrx_word' id='word_1_169' title='bbox 1561 1412 1599 1442; x_wconf 89' lang='lat' dir='ltr'>et</span> 
     </span>
     <span class='ocr_line' id='line_1_20' title="bbox 264 1469 1597 1519; baseline 0.001 -12"><span class='ocrx_word' id='word_1_170' title='bbox 264 1469 469 1507; x_wconf 89' lang='lat' dir='ltr'>hominum</span> <span class='ocrx_word' id='word_1_171' title='bbox 491 1483 624 1508; x_wconf 81' lang='lat' dir='ltr'>amore</span> <span class='ocrx_word' id='word_1_172' title='bbox 646 1470 684 1507; x_wconf 91' lang='lat' dir='ltr'>in</span> <span class='ocrx_word' id='word_1_173' title='bbox 706 1479 743 1508; x_wconf 89' lang='lat' dir='ltr'>te</span> <span class='ocrx_word' id='word_1_174' title='bbox 765 1477 802 1508; x_wconf 91' lang='lat' dir='ltr'>et</span> <span class='ocrx_word' id='word_1_175' title='bbox 824 1469 862 1507; x_wconf 92' lang='lat' dir='ltr'>in</span> <span class='ocrx_word' id='word_1_176' title='bbox 885 1483 957 1507; x_wconf 89' lang='lat' dir='ltr'>nos</span> <span class='ocrx_word' id='word_1_177' title='bbox 979 1470 1150 1519; x_wconf 84' lang='lat' dir='ltr'>quadarn</span> <span class='ocrx_word' id='word_1_178' title='bbox 1173 1469 1474 1516; x_wconf 78' lang='lat' dir='ltr'>benevolentia3</span> <span class='ocrx_word' id='word_1_179' title='bbox 1504 1471 1597 1510; x_wconf 80' lang='lat' dir='ltr'>†sed</span> 
     </span>
     <span class='ocr_line' id='line_1_21' title="bbox 263 1534 1658 1585; baseline 0 -13"><span class='ocrx_word' id='word_1_180' title='bbox 263 1537 430 1572; x_wconf 89' lang='lat' dir='ltr'>multum</span> <span class='ocrx_word' id='word_1_181' title='bbox 453 1548 498 1573; x_wconf 85' lang='lat' dir='ltr'>ea</span> <span class='ocrx_word' id='word_1_182' title='bbox 528 1535 779 1585; x_wconf 86' lang='lat' dir='ltr'>philosophia</span> <span class='ocrx_word' id='word_1_183' title='bbox 807 1548 959 1572; x_wconf 89' lang='lat' dir='ltr'>sursum</span> <span class='ocrx_word' id='word_1_184' title='bbox 990 1536 1211 1582; x_wconf 86' lang='lat' dir='ltr'>deorsum†,</span> <span class='ocrx_word' id='word_1_185' title='bbox 1236 1534 1266 1572; x_wconf 90' lang='lat' dir='ltr'>si</span> <span class='ocrx_word' id='word_1_186' title='bbox 1295 1534 1457 1584; x_wconf 83' lang='lat' dir='ltr'>quidem</span> <span class='ocrx_word' id='word_1_187' title='bbox 1479 1542 1536 1572; x_wconf 90' lang='lat' dir='ltr'>est</span> <span class='ocrx_word' id='word_1_188' title='bbox 1557 1534 1597 1572; x_wconf 89' lang='lat' dir='ltr'>in</span> <span class='ocrx_word' id='word_1_189' title='bbox 1620 1551 1658 1572; x_wconf 93' lang='lat'>20</span> 
     </span>
     <span class='ocr_line' id='line_1_22' title="bbox 263 1600 1596 1650; baseline -0.002 -12"><span class='ocrx_word' id='word_1_190' title='bbox 263 1600 404 1647; x_wconf 84' lang='lat' dir='ltr'>Aristo,</span> <span class='ocrx_word' id='word_1_191' title='bbox 424 1601 529 1650; x_wconf 89' lang='lat' dir='ltr'>apud</span> <span class='ocrx_word' id='word_1_192' title='bbox 551 1614 669 1650; x_wconf 82' lang='lat' dir='ltr'>quem</span> <span class='ocrx_word' id='word_1_193' title='bbox 692 1614 807 1638; x_wconf 86' lang='lat' dir='ltr'>eram.</span> <span class='ocrx_word' id='word_1_194' title='bbox 853 1601 957 1638; x_wconf 83' lang='lat' dir='ltr'>Narn</span> <span class='ocrx_word' id='word_1_195' title='bbox 976 1602 1186 1638; x_wconf 86' lang='lat' dir='ltr'>Xenonem</span> <span class='ocrx_word' id='word_1_196' title='bbox 1209 1607 1320 1637; x_wconf 91' lang='lat' dir='ltr'>tuum</span> <span class='ocrx_word' id='word_1_197' title='bbox 1337 1601 1397 1637; x_wconf 88' lang='lat' dir='ltr'>vel</span> <span class='ocrx_word' id='word_1_198' title='bbox 1418 1607 1596 1637; x_wconf 87' lang='lat' dir='ltr'>nostrum</span> 
     </span>
     <span class='ocr_line' id='line_1_23' title="bbox 262 1664 1595 1716; baseline -0.001 -13"><span class='ocrx_word' id='word_1_199' title='bbox 262 1666 391 1716; x_wconf 84' lang='lat' dir='ltr'>potius</span> <span class='ocrx_word' id='word_1_200' title='bbox 423 1665 575 1714; x_wconf 84' lang='lat' dir='ltr'>Quinto</span> <span class='ocrx_word' id='word_1_201' title='bbox 609 1679 892 1713; x_wconf 80' lang='lat' dir='ltr'>concesseram,</span> <span class='ocrx_word' id='word_1_202' title='bbox 927 1673 964 1703; x_wconf 91' lang='lat' dir='ltr'>et</span> <span class='ocrx_word' id='word_1_203' title='bbox 1000 1673 1132 1704; x_wconf 83' lang='lat' dir='ltr'>tamen</span> <span class='ocrx_word' id='word_1_204' title='bbox 1165 1672 1322 1715; x_wconf 86' lang='lat' dir='ltr'>propter</span> <span class='ocrx_word' id='word_1_205' title='bbox 1354 1664 1595 1703; x_wconf 90' lang='lat' dir='ltr'>vicinitatem</span> 
     </span>
    </p>
   </div>
   <div class='ocr_carea' id='block_1_3' title="bbox 258 1768 1597 2507">
    <p class='ocr_par' dir='ltr' id='par_1_5' title="bbox 258 1768 1597 2507">
     <span class='ocr_line' id='line_1_24' title="bbox 309 1768 1597 1810; baseline 0 -10"><span class='ocrx_word' id='word_1_206' title='bbox 309 1781 321 1800; x_wconf 94' lang='lat'>1</span> <span class='ocrx_word' id='word_1_207' title='bbox 349 1776 382 1800; x_wconf 88' lang='lat' dir='ltr'>ut</span> <span class='ocrx_word' id='word_1_208' title='bbox 401 1776 482 1810; x_wconf 85' lang='lat' dir='ltr'>puto</span> <span class='ocrx_word' id='word_1_209' title='bbox 501 1770 758 1809; x_wconf 64' lang='lat' dir='ltr'>del.ll&#39;cse11hmg</span> <span class='ocrx_word' id='word_1_210' title='bbox 867 1770 1052 1800; x_wconf 84' lang='lat' dir='ltr'>bellissime</span> <span class='ocrx_word' id='word_1_211' title='bbox 1074 1770 1274 1800; x_wconf 72' lang='lat' dir='ltr'>Ascensius:</span> <span class='ocrx_word' id='word_1_212' title='bbox 1300 1769 1395 1799; x_wconf 89' lang='lat' dir='ltr'>bellis</span> <span class='ocrx_word' id='word_1_213' title='bbox 1413 1768 1498 1800; x_wconf 86' lang='lat' dir='ltr'>codd.</span> <span class='ocrx_word' id='word_1_214' title='bbox 1512 1769 1597 1800; x_wconf 82' lang='lat' dir='ltr'>Boot</span> 
     </span>
     <span class='ocr_line' id='line_1_25' title="bbox 261 1813 1593 1853; baseline -0.002 -9"><span class='ocrx_word' id='word_1_215' title='bbox 261 1825 281 1853; x_wconf 84' lang='lat'><strong>3</strong></span> <span class='ocrx_word' id='word_1_216' title='bbox 297 1815 400 1844; x_wconf 86' lang='lat' dir='ltr'>stulte</span> <span class='ocrx_word' id='word_1_217' title='bbox 414 1814 549 1845; x_wconf 71' lang='lat' dir='ltr'>CRav.:</span> <span class='ocrx_word' id='word_1_218' title='bbox 569 1815 731 1845; x_wconf 83' lang='lat' dir='ltr'>stultitiae</span> <span class='ocrx_word' id='word_1_219' title='bbox 745 1813 786 1843; x_wconf 86' lang='grc' dir='ltr'><em>Μ</em></span> <span class='ocrx_word' id='word_1_220' title='bbox 841 1814 967 1844; x_wconf 87' lang='lat' dir='ltr'>insulse</span> <span class='ocrx_word' id='word_1_221' title='bbox 979 1818 1064 1844; x_wconf 54' lang='lat' dir='ltr'>veta:</span> <span class='ocrx_word' id='word_1_222' title='bbox 1086 1813 1203 1843; x_wconf 86' lang='lat' dir='ltr'>insulsi</span> <span class='ocrx_word' id='word_1_223' title='bbox 1217 1813 1274 1843; x_wconf 83' lang='lat' dir='ltr'>M:</span> <span class='ocrx_word' id='word_1_224' title='bbox 1303 1813 1450 1843; x_wconf 87' lang='lat' dir='ltr'>insulsae</span> <span class='ocrx_word' id='word_1_225' title='bbox 1468 1813 1593 1842; x_wconf 77' lang='lat' dir='ltr'>Wesen-</span> 
     </span>
     <span class='ocr_line' id='line_1_26' title="bbox 260 1857 1594 1898; baseline -0.001 -10"><span class='ocrx_word' id='word_1_226' title='bbox 260 1858 335 1898; x_wconf 70' lang='lat' dir='ltr'>betg</span> <span class='ocrx_word' id='word_1_227' title='bbox 397 1859 603 1896; x_wconf 74' lang='lat' dir='ltr'>adroganter</span> <span class='ocrx_word' id='word_1_228' title='bbox 619 1861 709 1889; x_wconf 77' lang='lat' dir='ltr'><em>vetl.:</em></span> <span class='ocrx_word' id='word_1_229' title='bbox 733 1858 942 1896; x_wconf 81' lang='lat' dir='ltr'>adrogantur</span> <span class='ocrx_word' id='word_1_230' title='bbox 959 1857 1047 1889; x_wconf 85' lang='lat' dir='ltr'>codd.</span> <span class='ocrx_word' id='word_1_231' title='bbox 1066 1857 1197 1887; x_wconf 71' lang='lat' dir='ltr'>Schiche</span> <span class='ocrx_word' id='word_1_232' title='bbox 1286 1868 1304 1895; x_wconf 86' lang='lat'>4</span> <span class='ocrx_word' id='word_1_233' title='bbox 1330 1857 1469 1886; x_wconf 79' lang='lat' dir='ltr'>alterum</span> <span class='ocrx_word' id='word_1_234' title='bbox 1487 1867 1555 1886; x_wconf 91' lang='lat' dir='ltr'>non</span> <span class='ocrx_word' id='word_1_235' title='bbox 1571 1860 1594 1888; x_wconf 85' lang='grc' dir='ltr'>Σ</span> 
     </span>
     <span class='ocr_line' id='line_1_27' title="bbox 262 1900 1593 1940; baseline -0.002 -8"><span class='ocrx_word' id='word_1_236' title='bbox 262 1902 349 1932; x_wconf 79' lang='lat' dir='ltr'>Crat.</span> <span class='ocrx_word' id='word_1_237' title='bbox 362 1916 367 1933; x_wconf 88' lang='lat'>:</span> <span class='ocrx_word' id='word_1_238' title='bbox 380 1913 444 1932; x_wconf 78' lang='lat'><em>0111.</em></span> <span class='ocrx_word' id='word_1_239' title='bbox 462 1902 502 1931; x_wconf 86' lang='lat' dir='ltr'><em>M</em></span> <span class='ocrx_word' id='word_1_240' title='bbox 566 1912 584 1940; x_wconf 87' lang='lat'>5</span> <span class='ocrx_word' id='word_1_241' title='bbox 603 1903 809 1940; x_wconf 78' lang='grc' dir='ltr'>δυσεξείλητα</span> <span class='ocrx_word' id='word_1_242' title='bbox 821 1901 944 1931; x_wconf 73' lang='lat' dir='ltr'>Baiser:</span> <span class='ocrx_word' id='word_1_243' title='bbox 966 1904 1068 1930; x_wconf 64' lang='lat' dir='ltr'>12.ch</span> <span class='ocrx_word' id='word_1_244' title='bbox 1076 1903 1283 1931; x_wconf 75' lang='grc' dir='ltr'>ΕΚΙΛΛΗΤΑ</span> <span class='ocrx_word' id='word_1_245' title='bbox 1296 1900 1346 1930; x_wconf 86' lang='grc' dir='ltr'>Μ;</span> <span class='ocrx_word' id='word_1_246' title='bbox 1368 1900 1593 1939; x_wconf 80' lang='grc' dir='ltr'>δυσεκλάλητα</span> 
     </span>
     <span class='ocr_line' id='line_1_28' title="bbox 266 1943 1592 1983; baseline -0.001 -8"><span class='ocrx_word' id='word_1_247' title='bbox 266 1945 433 1975; x_wconf 73' lang='lat' dir='ltr'>Turnebus</span> <span class='ocrx_word' id='word_1_248' title='bbox 446 1945 586 1974; x_wconf 74' lang='lat' dir='ltr'>Gnrlitt:</span> <span class='ocrx_word' id='word_1_249' title='bbox 612 1945 810 1975; x_wconf 75' lang='grc' dir='ltr'>δυσέκλεκτα</span> <span class='ocrx_word' id='word_1_250' title='bbox 827 1944 974 1975; x_wconf 75' lang='lat' dir='ltr'>Scln&#39;clze:</span> <span class='ocrx_word' id='word_1_251' title='bbox 1001 1944 1135 1974; x_wconf 77' lang='lat' dir='ltr'>aliialia</span> <span class='ocrx_word' id='word_1_252' title='bbox 1272 1954 1309 1974; x_wconf 89' lang='lat'>12</span> <span class='ocrx_word' id='word_1_253' title='bbox 1335 1944 1434 1973; x_wconf 91' lang='lat' dir='ltr'>domo</span> <span class='ocrx_word' id='word_1_254' title='bbox 1445 1943 1592 1983; x_wconf 77' lang='lat' dir='ltr'>Kayser:</span> 
     </span>
     <span class='ocr_line' id='line_1_29' title="bbox 261 1986 1595 2019; baseline -0.001 -1"><span class='ocrx_word' id='word_1_255' title='bbox 261 1990 360 2019; x_wconf 87' lang='lat' dir='ltr'>modo</span> <span class='ocrx_word' id='word_1_256' title='bbox 385 1988 442 2018; x_wconf 86' lang='lat' dir='ltr'>M:</span> <span class='ocrx_word' id='word_1_257' title='bbox 470 1998 619 2019; x_wconf 88' lang='lat' dir='ltr'>meorum</span> <span class='ocrx_word' id='word_1_258' title='bbox 643 1988 792 2019; x_wconf 71' lang='lat' dir='ltr'>Schiche:</span> <span class='ocrx_word' id='word_1_259' title='bbox 821 1999 889 2018; x_wconf 88' lang='lat' dir='ltr'>non</span> <span class='ocrx_word' id='word_1_260' title='bbox 916 1988 1015 2018; x_wconf 91' lang='lat' dir='ltr'>modo</span> <span class='ocrx_word' id='word_1_261' title='bbox 1040 1998 1139 2017; x_wconf 88' lang='lat' dir='ltr'>nemo</span> <span class='ocrx_word' id='word_1_262' title='bbox 1163 1988 1263 2017; x_wconf 89' lang='lat' dir='ltr'>modo</span> <span class='ocrx_word' id='word_1_263' title='bbox 1287 1987 1344 2018; x_wconf 73' lang='lat' dir='ltr'>del.</span> <span class='ocrx_word' id='word_1_264' title='bbox 1367 1986 1486 2016; x_wconf 65' lang='lat' dir='ltr'>Gurldt</span> <span class='ocrx_word' id='word_1_265' title='bbox 1506 1990 1542 2016; x_wconf 77' lang='lat' dir='ltr'>ut</span> <span class='ocrx_word' id='word_1_266' title='bbox 1555 1998 1595 2017; x_wconf 78' lang='lat' dir='ltr'>ex</span> 
     </span>
     <span class='ocr_line' id='line_1_30' title="bbox 258 2031 1591 2072; baseline -0.001 -10"><span class='ocrx_word' id='word_1_267' title='bbox 258 2032 478 2072; x_wconf 69' lang='lat' dir='ltr'>dt&#39;llograpln&#39;cl</span> <span class='ocrx_word' id='word_1_268' title='bbox 502 2033 551 2062; x_wconf 72' lang='lat' dir='ltr'>vel</span> <span class='ocrx_word' id='word_1_269' title='bbox 567 2033 676 2072; x_wconf 74' lang='lat' dir='ltr'>potius</span> <span class='ocrx_word' id='word_1_270' title='bbox 701 2032 913 2072; x_wconf 73' lang='lat' dir='ltr'>trt‘tograplu&#39;a</span> <span class='ocrx_word' id='word_1_271' title='bbox 939 2031 1110 2061; x_wconf 40' lang='lat' dir='ltr'>verbornnfz</span> <span class='ocrx_word' id='word_1_272' title='bbox 1137 2042 1178 2060; x_wconf 88' lang='lat' dir='ltr'>ne</span> <span class='ocrx_word' id='word_1_273' title='bbox 1206 2031 1314 2061; x_wconf 90' lang='lat' dir='ltr'>Roma</span> <span class='ocrx_word' id='word_1_274' title='bbox 1330 2034 1439 2060; x_wconf 71' lang='lat' dir='ltr'>ortum</span> <span class='ocrx_word' id='word_1_275' title='bbox 1530 2031 1591 2061; x_wconf 80' lang='lat' dir='ltr'>sed</span> 
     </span>
     <span class='ocr_line' id='line_1_31' title="bbox 259 2073 1590 2115; baseline -0.002 -9"><span class='ocrx_word' id='word_1_276' title='bbox 259 2076 332 2106; x_wconf 84' lang='lat' dir='ltr'>add.</span> <span class='ocrx_word' id='word_1_277' title='bbox 354 2080 423 2106; x_wconf 80' lang='lat' dir='ltr'><em>vett.</em></span> <span class='ocrx_word' id='word_1_278' title='bbox 517 2076 639 2115; x_wconf 70' lang='lat' dir='ltr'>Roma]</span> <span class='ocrx_word' id='word_1_279' title='bbox 659 2086 774 2106; x_wconf 86' lang='lat' dir='ltr'>rumor</span> <span class='ocrx_word' id='word_1_280' title='bbox 791 2075 922 2106; x_wconf 63' lang='lat' dir='ltr'>Schiche</span> <span class='ocrx_word' id='word_1_281' title='bbox 939 2073 1061 2104; x_wconf 76' lang='lat' dir='ltr'>Mz‘iller</span> <span class='ocrx_word' id='word_1_282' title='bbox 1151 2084 1189 2112; x_wconf 85' lang='lat'>13</span> <span class='ocrx_word' id='word_1_283' title='bbox 1205 2074 1396 2113; x_wconf 52' lang='lat' dir='ltr'>quisquam]</span> <span class='ocrx_word' id='word_1_284' title='bbox 1415 2074 1590 2113; x_wconf 82' lang='lat' dir='ltr'>quisquam</span> 
     </span>
     <span class='ocr_line' id='line_1_32' title="bbox 260 2117 1588 2159; baseline -0.002 -10"><span class='ocrx_word' id='word_1_285' title='bbox 260 2120 388 2149; x_wconf 86' lang='lat' dir='ltr'>curavit</span> <span class='ocrx_word' id='word_1_286' title='bbox 412 2120 492 2151; x_wconf 79' lang='lat' dir='ltr'>com’.</span> <span class='ocrx_word' id='word_1_287' title='bbox 524 2119 736 2159; x_wconf 67' lang='lat' dir='ltr'>ll&#39;csenbctg:</span> <span class='ocrx_word' id='word_1_288' title='bbox 761 2119 940 2158; x_wconf 81' lang='lat' dir='ltr'>quicquam</span> <span class='ocrx_word' id='word_1_289' title='bbox 964 2117 1093 2148; x_wconf 70' lang='lat' dir='ltr'>Scln&#39;slze</span> <span class='ocrx_word' id='word_1_290' title='bbox 1229 2119 1266 2148; x_wconf 92' lang='lat'>18</span> <span class='ocrx_word' id='word_1_291' title='bbox 1291 2118 1372 2147; x_wconf 84' lang='lat' dir='ltr'>urbe</span> <span class='ocrx_word' id='word_1_292' title='bbox 1396 2117 1437 2147; x_wconf 89' lang='lat' dir='ltr'><em>M</em></span> <span class='ocrx_word' id='word_1_293' title='bbox 1460 2128 1588 2157; x_wconf 43' lang='lat' dir='ltr'>mm&#39;gst</span> 
     </span>
     <span class='ocr_line' id='line_1_33' title="bbox 259 2161 1590 2201; baseline -0.003 -8"><span class='ocrx_word' id='word_1_294' title='bbox 259 2164 357 2193; x_wconf 88' lang='lat' dir='ltr'>turbe</span> <span class='ocrx_word' id='word_1_295' title='bbox 376 2162 417 2192; x_wconf 92' lang='lat' dir='ltr'><em>M</em></span> <span class='ocrx_word' id='word_1_296' title='bbox 432 2163 533 2194; x_wconf 79' lang='lat' dir='ltr'>Rom.</span> <span class='ocrx_word' id='word_1_297' title='bbox 627 2168 826 2193; x_wconf 85' lang='lat' dir='ltr'>ornamento</span> <span class='ocrx_word' id='word_1_298' title='bbox 850 2162 1054 2201; x_wconf 70' lang='lat' dir='ltr'>lVeseubm‘g:</span> <span class='ocrx_word' id='word_1_299' title='bbox 1095 2172 1164 2192; x_wconf 89' lang='lat' dir='ltr'>-um</span> <span class='ocrx_word' id='word_1_300' title='bbox 1191 2161 1246 2192; x_wconf 82' lang='lat' dir='ltr'>M:</span> <span class='ocrx_word' id='word_1_301' title='bbox 1273 2172 1305 2191; x_wconf 92' lang='lat' dir='ltr'>-a</span> <span class='ocrx_word' id='word_1_302' title='bbox 1330 2161 1463 2190; x_wconf 79' lang='lat' dir='ltr'>Ernesti</span> <span class='ocrx_word' id='word_1_303' title='bbox 1552 2171 1590 2200; x_wconf 91' lang='lat'>19</span> 
     </span>
     <span class='ocr_line' id='line_1_34' title="bbox 259 2205 1586 2238; baseline -0.003 0"><span class='ocrx_word' id='word_1_304' title='bbox 259 2217 374 2238; x_wconf 82' lang='lat' dir='ltr'>amore</span> <span class='ocrx_word' id='word_1_305' title='bbox 408 2207 456 2237; x_wconf 88' lang='lat' dir='ltr'>C:</span> <span class='ocrx_word' id='word_1_306' title='bbox 491 2217 623 2236; x_wconf 85' lang='lat' dir='ltr'>amores</span> <span class='ocrx_word' id='word_1_307' title='bbox 657 2205 698 2235; x_wconf 89' lang='grc' dir='ltr'><em>Μ</em></span> <span class='ocrx_word' id='word_1_308' title='bbox 828 2210 861 2235; x_wconf 83' lang='lat' dir='ltr'>et</span> <span class='ocrx_word' id='word_1_309' title='bbox 876 2206 919 2235; x_wconf 82' lang='lat' dir='ltr'>C:</span> <span class='ocrx_word' id='word_1_310' title='bbox 939 2215 1004 2235; x_wconf 83' lang='lat' dir='ltr'>om.</span> <span class='ocrx_word' id='word_1_311' title='bbox 1021 2205 1059 2234; x_wconf 82' lang='lat' dir='ltr'><em>M</em></span> <span class='ocrx_word' id='word_1_312' title='bbox 1153 2205 1269 2234; x_wconf 83' lang='lat' dir='ltr'>Totum</span> <span class='ocrx_word' id='word_1_313' title='bbox 1296 2205 1402 2234; x_wconf 80' lang='lat' dir='ltr'>locum</span> <span class='ocrx_word' id='word_1_314' title='bbox 1427 2205 1508 2234; x_wconf 87' lang='lat' dir='ltr'>urbe</span> <span class='ocrx_word' id='word_1_315' title='bbox 1528 2227 1534 2234; x_wconf 92' lang='lat'><strong>.</strong></span> <span class='ocrx_word' id='word_1_316' title='bbox 1554 2229 1560 2235; x_wconf 93' lang='lat'>.</span> <span class='ocrx_word' id='word_1_317' title='bbox 1580 2228 1586 2234; x_wconf 96' lang='lat'>.</span> 
     </span>
     <span class='ocr_line' id='line_1_35' title="bbox 260 2247 1591 2289; baseline -0.002 -9"><span class='ocrx_word' id='word_1_318' title='bbox 260 2250 499 2281; x_wconf 79' lang='lat' dir='ltr'>benevolentia</span> <span class='ocrx_word' id='word_1_319' title='bbox 518 2254 554 2280; x_wconf 82' lang='lat' dir='ltr'>ut</span> <span class='ocrx_word' id='word_1_320' title='bbox 574 2249 762 2289; x_wconf 71' lang='lat' dir='ltr'>lVesmbeag</span> <span class='ocrx_word' id='word_1_321' title='bbox 778 2249 939 2279; x_wconf 75' lang='lat' dir='ltr'>dedimus.</span> <span class='ocrx_word' id='word_1_322' title='bbox 989 2248 1168 2279; x_wconf 73' lang='lat' dir='ltr'>Manutius</span> <span class='ocrx_word' id='word_1_323' title='bbox 1176 2247 1404 2278; x_wconf 77' lang='lat' dir='ltr'>etLambt&#39;nus</span> <span class='ocrx_word' id='word_1_324' title='bbox 1419 2249 1496 2277; x_wconf 70' lang='lat' dir='ltr'>llaec</span> <span class='ocrx_word' id='word_1_325' title='bbox 1508 2247 1591 2277; x_wconf 81' lang='lat' dir='ltr'>dant</span> 
     </span>
     <span class='ocr_line' id='line_1_36' title="bbox 261 2292 1588 2324; baseline -0.003 0"><span class='ocrx_word' id='word_1_326' title='bbox 261 2294 376 2324; x_wconf 80' lang='lat' dir='ltr'>turbae</span> <span class='ocrx_word' id='word_1_327' title='bbox 395 2295 570 2324; x_wconf 84' lang='lat' dir='ltr'>dumtaxat</span> <span class='ocrx_word' id='word_1_328' title='bbox 588 2298 621 2323; x_wconf 88' lang='lat' dir='ltr'>et</span> <span class='ocrx_word' id='word_1_329' title='bbox 641 2294 731 2323; x_wconf 89' lang='lat' dir='ltr'>urbis</span> <span class='ocrx_word' id='word_1_330' title='bbox 751 2298 985 2323; x_wconf 86' lang='lat' dir='ltr'>ornamentum</span> <span class='ocrx_word' id='word_1_331' title='bbox 1012 2297 1045 2322; x_wconf 86' lang='lat' dir='ltr'>et</span> <span class='ocrx_word' id='word_1_332' title='bbox 1063 2292 1234 2322; x_wconf 89' lang='lat' dir='ltr'>hominum</span> <span class='ocrx_word' id='word_1_333' title='bbox 1252 2301 1386 2321; x_wconf 80' lang='lat' dir='ltr'>amores</span> <span class='ocrx_word' id='word_1_334' title='bbox 1403 2296 1435 2321; x_wconf 89' lang='lat' dir='ltr'>et</span> <span class='ocrx_word' id='word_1_335' title='bbox 1454 2292 1486 2321; x_wconf 89' lang='lat' dir='ltr'>in</span> <span class='ocrx_word' id='word_1_336' title='bbox 1506 2296 1538 2321; x_wconf 86' lang='lat' dir='ltr'>te</span> <span class='ocrx_word' id='word_1_337' title='bbox 1555 2296 1588 2321; x_wconf 87' lang='lat' dir='ltr'>et</span> 
     </span>
     <span class='ocr_line' id='line_1_37' title="bbox 262 2334 1593 2376; baseline -0.002 -9"><span class='ocrx_word' id='word_1_338' title='bbox 262 2338 294 2367; x_wconf 88' lang='lat' dir='ltr'>in</span> <span class='ocrx_word' id='word_1_339' title='bbox 325 2348 386 2367; x_wconf 91' lang='lat' dir='ltr'>nos</span> <span class='ocrx_word' id='word_1_340' title='bbox 408 2339 574 2376; x_wconf 89' lang='lat' dir='ltr'>quaedam</span> <span class='ocrx_word' id='word_1_341' title='bbox 598 2336 837 2367; x_wconf 85' lang='lat' dir='ltr'>benevolentia</span> <span class='ocrx_word' id='word_1_342' title='bbox 972 2346 1014 2365; x_wconf 87' lang='lat'>20</span> <span class='ocrx_word' id='word_1_343' title='bbox 1038 2336 1193 2375; x_wconf 77' lang='lat' dir='ltr'>multum]</span> <span class='ocrx_word' id='word_1_344' title='bbox 1222 2336 1325 2365; x_wconf 80' lang='lat' dir='ltr'>multa</span> <span class='ocrx_word' id='word_1_345' title='bbox 1350 2335 1384 2365; x_wconf 89' lang='lat' dir='ltr'>in</span> <span class='ocrx_word' id='word_1_346' title='bbox 1407 2336 1486 2365; x_wconf 76' lang='lat' dir='ltr'>coni.</span> <span class='ocrx_word' id='word_1_347' title='bbox 1507 2334 1593 2364; x_wconf 83' lang='lat' dir='ltr'>Reid</span> 
     </span>
     <span class='ocr_line' id='line_1_38' title="bbox 261 2378 1590 2421; baseline -0.003 -10"><span class='ocrx_word' id='word_1_348' title='bbox 261 2381 317 2421; x_wconf 84' lang='lat' dir='ltr'>ea]</span> <span class='ocrx_word' id='word_1_349' title='bbox 340 2386 506 2411; x_wconf 86' lang='lat' dir='ltr'>commeat</span> <span class='ocrx_word' id='word_1_350' title='bbox 528 2380 716 2420; x_wconf 63' lang='lat' dir='ltr'>ll&#39;esenbmg</span> <span class='ocrx_word' id='word_1_351' title='bbox 727 2380 794 2410; x_wconf 85' lang='lat' dir='ltr'>coll.</span> <span class='ocrx_word' id='word_1_352' title='bbox 811 2379 853 2410; x_wconf 91' lang='lat' dir='ltr'>N.</span> <span class='ocrx_word' id='word_1_353' title='bbox 866 2379 908 2409; x_wconf 91' lang='lat' dir='ltr'>D.</span> <span class='ocrx_word' id='word_1_354' title='bbox 926 2379 958 2409; x_wconf 87' lang='lat' dir='ltr'>ii.</span> <span class='ocrx_word' id='word_1_355' title='bbox 977 2380 1040 2417; x_wconf 84' lang='lat'>84:</span> <span class='ocrx_word' id='word_1_356' title='bbox 1067 2383 1156 2408; x_wconf 86' lang='lat' dir='ltr'>meat</span> <span class='ocrx_word' id='word_1_357' title='bbox 1175 2379 1354 2419; x_wconf 81' lang='lat' dir='ltr'>(glossema</span> <span class='ocrx_word' id='word_1_358' title='bbox 1377 2378 1488 2408; x_wconf 72' lang='lat' dir='ltr'>scilicet</span> <span class='ocrx_word' id='word_1_359' title='bbox 1508 2378 1590 2407; x_wconf 80' lang='lat' dir='ltr'>vocis</span> 
     </span>
     <span class='ocr_line' id='line_1_39' title="bbox 258 2419 1588 2464; baseline -0.003 -10"><span class='ocrx_word' id='word_1_360' title='bbox 258 2425 320 2463; x_wconf 76' lang='grc' dir='ltr'>ῥεῖ)</span> <span class='ocrx_word' id='word_1_361' title='bbox 351 2424 487 2464; x_wconf 51' lang='grc' dir='ltr'>ῨΞνννεΙΙε</span> <span class='ocrx_word' id='word_1_362' title='bbox 523 2428 613 2454; x_wconf 82' lang='lat' dir='ltr'>errat</span> <span class='ocrx_word' id='word_1_363' title='bbox 640 2424 688 2453; x_wconf 78' lang='lat' dir='ltr'>vel</span> <span class='ocrx_word' id='word_1_364' title='bbox 713 2424 819 2453; x_wconf 81' lang='lat' dir='ltr'>simile</span> <span class='ocrx_word' id='word_1_365' title='bbox 844 2422 925 2461; x_wconf 78' lang='lat' dir='ltr'>quid</span> <span class='ocrx_word' id='word_1_366' title='bbox 947 2423 1024 2453; x_wconf 77' lang='lat' dir='ltr'>coni.</span> <span class='ocrx_word' id='word_1_367' title='bbox 1054 2421 1196 2452; x_wconf 71' lang='lat' dir='ltr'>Miiller:</span> <span class='ocrx_word' id='word_1_368' title='bbox 1226 2421 1308 2460; x_wconf 74' lang='lat' dir='ltr'>sort.</span> <span class='ocrx_word' id='word_1_369' title='bbox 1335 2421 1390 2451; x_wconf 69' lang='grc' dir='ltr'>νέα</span> <span class='ocrx_word' id='word_1_370' title='bbox 1414 2421 1464 2451; x_wconf 77' lang='lat' dir='ltr'>vel</span> <span class='ocrx_word' id='word_1_371' title='bbox 1488 2422 1506 2460; x_wconf 88' lang='grc' dir='ltr'>ἡ</span> <span class='ocrx_word' id='word_1_372' title='bbox 1533 2419 1588 2450; x_wconf 85' lang='grc' dir='ltr'>νέα</span> 
     </span>
     <span class='ocr_line' id='line_1_40' title="bbox 259 2465 1435 2507; baseline -0.003 -10"><span class='ocrx_word' id='word_1_373' title='bbox 259 2478 310 2507; x_wconf 82' lang='lat'>20,</span> <span class='ocrx_word' id='word_1_374' title='bbox 331 2478 368 2497; x_wconf 86' lang='lat'>21</span> <span class='ocrx_word' id='word_1_375' title='bbox 396 2468 423 2497; x_wconf 88' lang='lat' dir='ltr'>si</span> <span class='ocrx_word' id='word_1_376' title='bbox 442 2469 520 2506; x_wconf 88' lang='lat' dir='ltr'>quid</span> <span class='ocrx_word' id='word_1_377' title='bbox 539 2473 599 2506; x_wconf 72' lang='lat' dir='ltr'>est,</span> <span class='ocrx_word' id='word_1_378' title='bbox 622 2472 672 2497; x_wconf 84' lang='lat' dir='ltr'>est</span> <span class='ocrx_word' id='word_1_379' title='bbox 691 2467 723 2496; x_wconf 91' lang='lat' dir='ltr'>in</span> <span class='ocrx_word' id='word_1_380' title='bbox 742 2466 857 2496; x_wconf 84' lang='lat' dir='ltr'>Aristo</span> <span class='ocrx_word' id='word_1_381' title='bbox 880 2465 958 2498; x_wconf 82' lang='lat' dir='ltr'><em>Vict.</em></span> <span class='ocrx_word' id='word_1_382' title='bbox 976 2466 1027 2495; x_wconf 85' lang='lat' dir='ltr'>De</span> <span class='ocrx_word' id='word_1_383' title='bbox 1041 2466 1156 2495; x_wconf 81' lang='lat' dir='ltr'>Aristo</span> <span class='ocrx_word' id='word_1_384' title='bbox 1172 2465 1210 2505; x_wconf 77' lang='lat' dir='ltr'>cs.</span> <span class='ocrx_word' id='word_1_385' title='bbox 1238 2465 1326 2496; x_wconf 65' lang='lat' dir='ltr'>Tusc.</span> <span class='ocrx_word' id='word_1_386' title='bbox 1345 2475 1375 2495; x_wconf 86' lang='lat' dir='ltr'>v.</span> <span class='ocrx_word' id='word_1_387' title='bbox 1395 2474 1435 2494; x_wconf 81' lang='lat'>22</span> 
     </span>
    </p>
   </div>
  </div>
 </body>
</html>
