1773 2651
563 154 675 190 EPP.
708 155 785 190 AD
816 155 1075 193 ATTICVM
1429 156 1495 191 IV.
1516 155 1591 191 viii

154 263 363 301 Aedificati
394 263 464 301 tibi
494 263 533 300 in
557 264 656 313 agris
686 264 781 302 nihil
811 265 970 315 reperio.
1033 268 1080 303 In
1111 265 1260 316 oppido
1289 274 1347 304 est
1377 265 1487 315 quid-

154 329 258 373 dam,
282 329 331 366 de
353 342 432 378 quo
453 336 510 367 est
531 329 697 367 dubium
723 329 824 368 sitne
845 332 992 377 venale,
1016 344 1061 369 ac
1082 331 1303 381 proximum
1325 330 1486 380 quidem

155 393 296 431 nostris
325 393 501 432 aedibus.
562 396 655 432 Hoc
685 394 795 441 scito,
829 395 993 433 Antium
1026 397 1262 434 Buthrotum
1295 409 1379 433 esse
1410 397 1487 433 Ro-

156 472 253 503 mae,
278 466 319 496 ut
341 460 534 508 Corcyrae
555 458 651 497 illud
683 467 793 497 tuum
816 462 993 498 Antium.
1055 461 1164 499 Nihil
1186 461 1366 511 quietius,
1390 460 1487 498 nihil

117 538 133 569 5
153 523 283 570 alsius,
307 523 404 561 nihil
424 524 640 562 amoenius.

527 591 598 639 Εἴη
628 608 691 640 μοι
721 590 826 631 οὗτος
855 593 968 640 φίλος
998 591 1105 632 οἶκος.

156 655 298 691 Postea
332 667 423 692 vero
462 667 580 704 quam
615 656 816 704 Tyrannio
852 656 947 694 mihi
982 656 1101 694 libros
1137 656 1341 706 disposuit,
1375 665 1529 694 mens2

154 718 289 756 addita
320 718 474 756 videtur
503 719 600 757 meis
630 720 806 758 aedibus.
867 722 957 769 Qua
989 721 1150 770 quidem
1182 721 1221 758 in
1254 735 1293 759 re
1325 721 1487 759 mirifica

155 797 274 833 opera
296 783 462 833 Dionysi
483 792 521 822 et
544 785 766 835 Menophili
788 785 842 823 tui
864 786 946 824 fuit.
1007 786 1116 824 Nihil
1137 786 1338 825 venustius
1368 799 1487 836 quam

98 866 136 887 10
156 848 221 886 illa
247 857 313 887 tua
342 857 534 899 pegmata,
562 858 772 900 postquam
805 851 857 888 mi
893 851 1040 900 sillybis
1070 851 1189 889 libros
1222 851 1486 889 inlustrarunt.

158 916 264 953 Vale.
336 917 387 953 Et
421 915 567 953 scribas
598 918 649 955 ad
682 930 744 955 me
776 916 891 955 velim
925 918 974 955 de
1006 917 1298 966 gladiatoribus,
1335 917 1405 955 sed
1437 916 1489 954 ita

156 980 258 1018 bene
279 979 310 1017 si
331 993 412 1018 rem
433 988 572 1030 gerunt
589 996 598 1028 3
627 994 707 1019 non
729 995 886 1031 quaero,
912 983 1012 1020 rnale
1034 982 1064 1019 si
1086 996 1127 1020 se
1147 990 1360 1031 gesserunt.

198 1098 315 1133 VIII
327 1110 351 1133 a
557 1101 626 1133 Ser.
647 1106 812 1132 autumno
825 1103 909 1132 anni
923 1102 986 1139 698
1004 1103 1093 1142 (56).

570 1172 739 1204 CICERO
762 1173 945 1204 ATTICO
968 1172 1076 1204 SAL.

99 1261 133 1292 15
210 1248 371 1296 Apenas
392 1245 454 1283 vix
474 1245 716 1291 discesserat,
736 1259 825 1283 cum
848 1245 1024 1294 epistula.
1077 1244 1186 1293 Quid
1206 1245 1262 1283 ais
1279 1247 1295 1283 ?
1324 1254 1489 1296 putasne
1509 1257 1526 1284 1

155 1312 237 1349 fore
266 1319 309 1348 ut
342 1312 469 1360 legem
501 1324 582 1348 non
612 1312 738 1348 ferat?
798 1309 882 1355 Dic,
916 1323 985 1347 oro
1015 1318 1064 1356 te,
1094 1309 1258 1357 clarius,
1292 1310 1354 1347 vix
1384 1311 1489 1348 enim

155 1375 251 1413 mihi
272 1375 477 1414 exaudisse
493 1375 639 1413 videor.
699 1376 847 1412 Verum
869 1374 999 1412 statim
1021 1375 1082 1412 fac
1102 1382 1144 1412 ut
1166 1374 1296 1421 sciam,
1317 1375 1346 1412 si
1370 1377 1490 1414 modo

155 1441 226 1480 tibi
264 1449 322 1480 est
361 1442 630 1479 commodum.
704 1439 827 1478 Ludis
867 1439 1028 1489 quidem
1068 1439 1256 1488 quoniam
1302 1439 1387 1477 dies
1432 1448 1490 1478 est

153 1507 323 1554 additus,
347 1521 395 1545 eo
416 1506 534 1545 etiam
563 1506 702 1544 melius
723 1505 787 1544 hic
815 1519 905 1544 eum
933 1505 1039 1543 diem
1065 1518 1155 1542 cum
1186 1504 1379 1554 Dionysio
1399 1518 1490 1543 con-

96 1587 135 1609 20
154 1581 336 1612 teremus.

212 1641 273 1677 De
321 1638 525 1677 Trebonio
573 1651 730 1689 prorsus
779 1636 849 1675 tibi
897 1635 1106 1674 adsentior.
1198 1637 1259 1673 De
1309 1635 1487 1674 Domitio
1507 1646 1531 1674 2

421 1707 533 1757 σύκῳ,
565 1706 618 1754 μὰ
646 1705 713 1752 τὴν
743 1704 936 1752 Δήμητρα,
968 1705 1083 1740 σῦκον
1112 1701 1194 1739 οὐδὲ
1223 1702 1261 1739 ἓν

422 1773 535 1812 οὕτως
563 1771 692 1820 ὅμοιον
719 1770 881 1822 γέγονεν,
980 1772 982 1775 ’

154 1849 274 1886 quam
309 1844 367 1875 est
396 1836 469 1875 ista
502 1838 720 1886 περίστασις
752 1842 907 1872 nostrae
938 1834 997 1870 vel
1033 1833 1140 1881 quod
1175 1831 1224 1869 ab
1259 1830 1396 1877 isdem,
1428 1832 1488 1869 vel

96 1917 135 1948 25
156 1903 264 1951 quod
286 1910 437 1953 praeter
453 1901 694 1952 opinionem,
711 1901 771 1938 vel
787 1899 895 1949 quod
911 1898 980 1935 viri
998 1897 1092 1936 boni
1114 1910 1309 1946 nusquam
1328 1911 1337 1943 3
1364 1910 1487 1934 unum

154 1968 353 2015 dissimile,
378 1969 487 2018 quod
515 1967 606 2005 huic
634 1966 783 2004 merito.
845 1966 948 2002 Nam
970 1965 1020 2002 de
1048 1963 1134 2013 ipso
1161 1975 1253 2000 casu
1284 1962 1417 2000 nescio
1437 1975 1487 1999 an

198 2086 215 2112 4
242 2073 380 2104 Antium
398 2073 472 2104 add.
493 2071 669 2102 Lehmann
773 2072 793 2100 6
819 2069 874 2107 Ei'q
891 2081 941 2107 μοι
961 2067 1050 2099 οὗτος
1067 2066 1160 2107 φίλος
1172 2065 1255 2097 οἶκος
1273 2066 1463 2106 Peerlkamp
1482 2077 1488 2096 z

156 2120 381 2148 EIMHICHTQ
407 2115 530 2146 <1>1AOC
557 2119 638 2146 KOC
663 2114 722 2144 M:
759 2113 806 2152 εἴη
832 2112 964 2151 μισητὸς
991 2111 1085 2152 φίλος
1112 2109 1194 2141 οἶκος
1220 2109 1364 2140 Rosius:
1398 2110 1424 2139 εἷ
1447 2109 1488 2147 μὴ

153 2161 277 2199 μισητῷ
297 2160 389 2196 φίλος
411 2159 494 2190 οἶκος
516 2159 658 2189 Thomas
766 2169 804 2188 10
829 2158 869 2186 mi
889 2156 1021 2196 sillybis
1040 2156 1128 2195 vulg.
1148 2155 1183 2193 (fi
1206 2164 1233 2192 5.
1256 2164 1274 2192 3
1294 2165 1301 2184 t
1327 2152 1488 2183 misitM:

153 2205 195 2234 sit
214 2205 272 2234 tibi
290 2204 376 2234 NP:
401 2204 445 2234 sit
464 2204 553 2233 tibae
568 2200 610 2231 Zl
721 2212 753 2231 11
774 2201 857 2231 Vale
878 2200 1080 2229 Gronovius:
1108 2198 1204 2228 valde
1223 2197 1280 2226 M:
1302 2200 1377 2236 post
1391 2197 1488 2226 valde

154 2247 229 2278 add.
251 2248 350 2278 laudo
368 2246 557 2286 Lehmann,
580 2246 691 2284 lepide
717 2245 806 2274 Koclz
900 2244 955 2283 Et]
974 2243 1024 2272 Tu
1050 2242 1248 2281 ll'esenbmg.
1271 2240 1329 2271 scd
1348 2241 1384 2276 cf.
1404 2238 1487 2269 Lest-

155 2302 260 2320 mann
282 2296 289 2307 ⁴
303 2290 446 2329 Quaest.'
464 2292 506 2329 63
644 2300 680 2318 12
705 2289 732 2318 si
751 2299 786 2318 se
804 2292 984 2326 gesserunt
1004 2286 1193 2323 Wesenbeoe
1208 2297 1213 2314 :
1241 2285 1288 2314 sic
1302 2284 1415 2322 egisse
1429 2283 1488 2313 M:

153 2335 182 2364 si
199 2345 236 2364 se
254 2344 394 2372 gessere
412 2334 605 2372 Malaspz'na
728 2342 764 2370 15
791 2331 930 2368 Apenas
949 2330 1030 2358 Ant.
1048 2329 1208 2367 Flvulg.
1233 2340 1239 2358 :
1265 2328 1410 2366 Aperias
1427 2326 1488 2357 M:

153 2377 293 2417 Apellas
310 2378 390 2408 coni.
415 2377 592 2409 Turmbus,
613 2375 736 2405 Mz'illcr
751 2375 800 2414 &gs
822 2374 916 2404 Fam.
938 2373 994 2403 vii*
1012 2382 1062 2410 25.
1083 2383 1117 2411 2)
1259 2372 1297 2400 18
1322 2371 1379 2400 tib1
1398 2369 1486 2400 codd.

149 2424 278 2461 praeter
292 2426 320 2450 Δ
338 2431 345 2450 :
370 2431 437 2450 om.
456 2426 483 2450 Δ
