1773 2651
136 184 230 221 VII.
250 195 280 220 v
631 185 686 222 M.
718 184 887 221 TVLLI
920 183 1228 222 CICERONIS

236 485 254 511 1

230 802 254 830 2

234 1063 258 1100 3

234 1655 261 1692 4

313 292 355 326 V
546 294 617 326 Scr.
635 295 668 324 in
685 295 865 325 Formiano
880 305 925 325 xv
940 294 982 325 K.
1003 293 1075 326 Ian.
1095 305 1125 324 a.
1148 304 1209 334 704
1230 294 1310 334 (50).

691 383 865 414 CICERO
891 383 1063 414 ATTICO
1091 382 1187 413 SAL.

328 473 475 509 Multas
507 486 588 510 uno
622 479 799 522 tempore
830 472 966 522 accepi
999 472 1183 521 epistulas
1217 479 1330 518 tuas:
1360 484 1460 521 quae
1495 469 1602 517 mihi,

273 550 515 587 quamquam
536 537 752 575 recentiora
772 537 983 575 audiebam
1006 551 1051 574 ex
1072 536 1116 574 iis
1139 536 1204 586 qui
1225 538 1275 575 ad
1298 550 1360 574 me
1382 534 1603 582 veniebant,

274 609 407 639 tamen
439 610 547 640 erant
587 601 807 645 iucundae3
852 601 1026 640 studium
1066 601 1171 640 enim
1211 609 1248 640 et
1288 599 1643 642 benevolentiam5

274 667 536 705 declarabant.
597 666 836 704 Valetudine
876 675 941 704 tua
981 679 1141 704 moveor
1179 674 1217 704 et
1253 665 1390 703 Piliam
1425 665 1464 702 in
1499 665 1606 703 idem

274 744 396 780 genus
428 731 553 769 morbi
584 732 785 781 delapsam
817 744 950 769 curam
981 730 1051 769 tibi
1081 732 1231 769 adferre
1257 731 1444 769 maiorem
1466 729 1604 768 sentio.

278 797 379 834 Date
401 795 514 845 igitur
535 809 694 845 operam
716 804 758 833 ut
779 796 949 834 valeatis.
1010 797 1071 834 De
1096 795 1243 834 Tirone
1263 796 1379 834 video
1401 795 1470 833 tibi
1492 808 1608 833 curae

276 875 372 899 esse.
450 862 580 909 Quem
621 860 782 910 quidem
823 875 906 910 ego,
947 860 1019 899 etsi
1059 860 1246 899 mirabilis
1285 860 1470 898 utilitates
1512 859 1608 897 mihi

276 926 447 976 praebet,
470 939 560 962 cum
583 927 694 973 valet,
723 925 761 962 in
786 925 895 963 omni
924 938 1066 975 genere
1093 927 1153 964 vel
1184 925 1430 975 negotiorum
1452 925 1512 962 vel
1533 931 1609 961 stu—

277 991 431 1030 diorum
454 1004 643 1037 meorum,
668 998 799 1028 tamen
820 998 978 1040 propter
1006 990 1292 1028 humanitatem
1313 998 1351 1028 et
1373 989 1608 1028 modestiam

278 1058 382 1094 malo
412 1058 561 1094 salvum
593 1069 711 1105 quam
743 1063 900 1105 propter
930 1069 1044 1093 usum
1074 1069 1217 1093 meum.
1278 1055 1512 1105 Philogenes
1534 1067 1610 1091 me-

277 1135 368 1160 cum
403 1121 499 1159 nihil
534 1134 722 1170 umquam
755 1122 806 1159 de
839 1120 1036 1159 Luscenio
1075 1122 1230 1158 locutus
1269 1127 1352 1167 est3
1391 1121 1441 1157 de
1473 1118 1611 1158 ceteris

278 1188 393 1226 rebus
432 1187 554 1225 habes
596 1185 842 1235 Dionysium.
902 1188 1083 1224 Sororem
1118 1193 1226 1224 tuam
1266 1199 1346 1224 non
1385 1183 1538 1222 venisse
1571 1183 1610 1221 in

278 1256 479 1291 Arcanum
510 1251 637 1289 miror.
700 1253 760 1289 De
792 1250 1014 1301 Chrysippo
1048 1264 1181 1288 meum
1213 1249 1422 1288 consilium
1457 1247 1611 1299 probari

279 1319 349 1357 tibi
370 1332 451 1357 non
472 1319 636 1356 moleste
658 1318 749 1355 fero.
812 1319 896 1366 Ego
927 1316 965 1354 in
996 1317 1267 1354 Tusculanum
1293 1315 1389 1353 nihil
1417 1328 1512 1353 sane
1535 1315 1612 1352 hoc

279 1391 456 1434 tempore
474 1398 483 1430 3
513 1382 671 1420 devium
693 1389 751 1420 est
772 1384 847 1422 τοῖς
867 1385 1079 1420 ἀπαντῶσιν
1098 1389 1135 1420 et
1157 1381 1277 1419 habet
1289 1380 1364 1418 alia
1380 1381 1611 1431 δύσχρηστα.

280 1450 358 1487 Sed
380 1449 429 1486 de
461 1447 672 1486 Formiano
694 1447 947 1485 Tarracinam
978 1446 1103 1497 pridie
1126 1448 1214 1484 Kal.
1239 1447 1323 1484 Ian.
1369 1447 1469 1484 Inde
1501 1447 1614 1483 Pom-

281 1513 430 1563 ptinam
453 1525 661 1554 summam,
680 1511 772 1550 inde
799 1513 840 1550 in
862 1512 1062 1549 Albanum
1087 1511 1264 1561 Pompei.
1323 1512 1384 1548 Ita
1403 1512 1454 1548 ad
1476 1510 1613 1548 urbem

282 1591 327 1616 111
350 1580 487 1616 Nonas
509 1577 627 1615 natali
649 1591 748 1615 meo.
820 1623 823 1627 .

338 1645 398 1681 De
428 1656 467 1680 re
498 1641 656 1692 publica
687 1641 832 1680 cotidie
856 1641 976 1691 magis
1000 1641 1132 1680 timeo.
1192 1642 1285 1679 Non
1314 1640 1418 1678 enim
1442 1639 1548 1686 boni,
1573 1647 1614 1677 ut

280 1716 476 1758 putantur,
510 1706 773 1745 consentiunt.
836 1708 948 1755 Quos
983 1720 1056 1756 ego
1084 1705 1236 1755 equites
1266 1707 1480 1751 Romanos,
1514 1717 1614 1753 quos

281 1781 480 1811 senatores
501 1771 590 1819 vidi,
615 1771 681 1821 qui
702 1771 890 1810 acerrime
912 1785 1003 1809 cum
1025 1779 1153 1809 cetera
1170 1778 1251 1808 tum
1267 1771 1343 1808 hoc
1365 1769 1435 1808 iter
1450 1768 1613 1819 Pompei

281 1838 543 1887 vituperarent
564 1840 570 1874 1
629 1838 730 1875 Pace
753 1850 852 1887 opus
874 1844 942 1875 est.
1005 1837 1063 1873 Ex
1080 1834 1241 1873 victoria
1262 1848 1350 1872 cum
1370 1835 1491 1872 multa
1514 1835 1615 1871 mala

281 1911 364 1940 turn
390 1910 493 1940 certe
523 1910 709 1951 tyrannus
740 1901 908 1940 exsistet.
970 1902 1048 1939 Sed
1080 1901 1176 1938 haec
1206 1898 1435 1950 propediem
1467 1912 1610 1937 coram.
1637 1918 1649 1938 2

283 1969 368 2005 Iam
390 1969 506 2017 plane
528 1966 624 2004 mihi
646 1967 757 2005 deest
781 1967 889 2017 quod
917 1967 968 2004 ad
997 1973 1034 2004 te
1055 1965 1223 2003 scribam
1244 1979 1252 2010 3
1282 1977 1355 2001 nec
1376 1963 1480 2001 enim
1503 1965 1553 2001 de
1575 1977 1614 2002 re

281 2032 440 2083 publica
474 2033 582 2081 quod
618 2040 781 2082 uterque
817 2038 994 2070 nostrum
1029 2029 1101 2068 scit
1136 2030 1286 2076 eadem,
1324 2035 1361 2065 et
1396 2028 1615 2066 domestica

281 2105 375 2135 nota
394 2104 485 2135 sunt
504 2097 711 2135 ambobus.

325 2204 346 2232 6
368 2202 571 2233 Valetudine
599 2201 707 2232 CNP:
747 2201 979 2232 invaletudine
1005 2200 1050 2239 M,
1082 2200 1120 2239 cf.
1156 2210 1184 2230 2.
1209 2209 1221 2228 1
1384 2208 1420 2236 13
1448 2197 1614 2227 Luscenio

286 2245 360 2277 Vict.
375 2258 381 2276 ε
410 2246 581 2284 Lusgenio
593 2245 652 2274 M:
678 2245 716 2284 Q.
735 2245 880 2275 Lusieno
894 2243 1069 2282 Corradus,
1084 2243 1123 2282 cf.
1140 2242 1232 2273 Vm'r.
1246 2241 1287 2272 R.
1302 2241 1342 2272 R.
1365 2242 1396 2272 ii.
1417 2251 1436 2279 5
1509 2241 1558 2278 18,
1576 2250 1615 2279 19

283 2289 496 2328 Pomptinam
522 2299 685 2319 summam
711 2289 818 2319 Boot:
855 2288 1051 2327 pomitinum
1072 2288 1164 2323 (corr.
1180 2287 1214 2315 in
1232 2285 1427 2324 pontinum)
1450 2294 1612 2314 summam

284 2333 343 2363 M:
369 2333 550 2363 Pontinurn
577 2342 704 2362 sumam
731 2331 751 2361 I
773 2331 888 2362 Baiter
914 2331 984 2365 <sed
997 2331 1023 2361 is
1041 2330 1259 2368 Pomptinum
1278 2339 1352 2358 cum
1371 2327 1490 2358 Romul
1507 2339 1514 2358 :
1529 2327 1612 2366 fort.

285 2377 456 2416 Pomptini
486 2377 518 2406 in
549 2375 704 2406 Setinum
895 2384 932 2412 19
957 2375 990 2404 in
1015 2373 1090 2404 add.
1124 2372 1208 2403 Boot
1384 2382 1425 2401 22
1451 2375 1614 2410 putantur

284 2419 411 2457 Msiller,
430 2420 466 2460 cf.
491 2430 517 2458 7.
540 2429 579 2457 5:
618 2423 737 2457 putant
762 2418 822 2448 M:
859 2418 970 2457 putavi
998 2417 1112 2448 Allata:
1149 2421 1301 2455 putaram
1327 2415 1404 2446 roni.
1425 2414 1615 2453 lVeseubm'g

285 2464 498 2493 consentiunt
524 2473 587 2493 om.
609 2461 663 2491 M¹
800 2472 840 2500 25
866 2461 1021 2500 tyrannis
1046 2460 1067 2489 I
1082 2460 1170 2490 Crat.
1190 2460 1309 2490 Lamb.

1633 937 1670 959 10

1635 1262 1670 1293 15

1636 1592 1675 1613 20
