1732 2661
708 110 1030 148 PRAEFATIO

207 217 390 255 Lambini
430 224 468 255 et
504 216 597 255 Bosi
631 231 677 255 ex
711 219 746 255 Z
779 218 1103 257 adnotationibus
1143 231 1296 257 summa
1335 219 1536 269 diligentia

205 290 241 320 et
273 282 405 320 subtili
439 281 585 320 iudicio
617 283 798 320 disseruit
831 284 1039 320 Lehmann
1070 282 1142 334 (op.
1174 285 1232 321 cit.
1262 297 1326 334 pp.
1358 283 1536 335 85-118)

205 346 271 384 ubi
293 360 372 396 quo
394 347 520 397 pretio
541 346 816 385 adnotationes
839 346 1014 397 singulae
1034 348 1307 387 aestimandae
1327 348 1403 387 sint
1430 363 1537 387 mon-

205 413 347 450 stravit.
417 413 627 450 Lectiones
661 426 684 449 a
720 412 915 451 Lambino
951 425 997 451 ex
1027 414 1063 451 Z
1093 415 1329 452 nominatim
1364 416 1537 464 prolatae

205 476 280 527 (Z)
302 485 339 515 et
361 478 399 514 in
416 476 590 515 editione
608 476 732 526 prima
745 477 756 496 ¹
780 484 817 514 et
834 476 873 514 in
890 477 1064 516 editione
1080 480 1259 517 secunda
1272 480 1284 500 ²
1303 487 1431 518 certae
1447 488 1536 518 sunt

205 542 352 580 codicis
382 542 593 581 lectiones:
632 541 822 580 lectiones
852 555 898 580 ex
928 550 1056 581 vetere
1087 543 1227 582 codice
1258 543 1310 594 (v.
1333 547 1388 594 c.),
1419 557 1535 593 quem

205 606 379 657 plurimis
409 607 530 645 locis³
560 608 594 645 Z
621 606 738 644 fuisse
769 606 847 644 veri
879 606 1119 646 simillimum
1150 616 1218 655 est,
1251 609 1289 646 in
1320 609 1534 658 marginem

205 671 388 710 editionis
419 673 617 711 secundae
649 673 867 718 translatae,
901 672 1141 722 ubicumque
1170 687 1259 711 cum
1290 676 1323 712 L
1360 674 1536 724 (marg.)’

205 738 440 776 coniunctae
473 744 574 784 sunt,
609 750 734 787 paene
772 744 909 782 certae,
945 749 1035 774 cum
1070 738 1286 777 Lambinus
1320 740 1475 788 plurimi
1507 738 1540 776 Z

205 803 361 842 fecerit:
391 805 580 842 lectiones
600 816 634 841 v.
655 816 682 840 c.
705 804 821 848 solae,
849 815 1090 852 quamquam
1118 811 1160 841 ut
1189 818 1234 842 ex
1254 806 1289 842 Z
1311 806 1538 843 hauriantur

206 868 287 906 fieri
316 876 460 918 potest,
489 877 621 906 tamen
651 875 742 906 sunt
775 867 936 906 minoris
967 867 1081 907 fidei:
1122 869 1192 906 sed
1222 869 1410 908 lectiones
1440 871 1536 919 siglo

205 935 239 970 L
261 932 419 985 (marg.)
443 934 527 972 solo
548 940 705 971 notatae
727 940 764 971 et
785 935 918 971 Lamb.
943 933 1089 985 (textus
1111 934 1294 973 editionis
1317 935 1537 973 Lambinia-

207 1011 279 1036 nae
300 1000 359 1036 vel
382 998 565 1036 Lambini
587 996 855 1049 coniecturae)
870 1000 985 1037 valde
1006 999 1188 1046 incertae,
1208 1013 1298 1037 cum
1320 1000 1536 1038 Lambinus

205 1062 244 1099 in
284 1061 518 1100 coniecturis
557 1062 746 1100 faciendis
786 1069 824 1100 et
864 1063 985 1101 textui
1021 1064 1280 1102 obtrudendis
1316 1063 1390 1102 sibi
1424 1066 1537 1103 valde

205 1127 433 1177 indulgeret.
495 1128 557 1165 De
586 1126 678 1165 Bosi
707 1127 866 1177 ingenio
896 1129 1076 1167 mendaci
1105 1129 1196 1167 satis
1227 1130 1411 1167 omnibus
1442 1137 1537 1168 noto

204 1205 285 1230 non
310 1199 367 1231 est
391 1193 500 1242 quod
521 1193 751 1241 loquamur:
783 1193 853 1230 sed
874 1206 965 1231 eum
987 1193 1027 1230 in
1048 1193 1283 1232 lectionibus
1304 1193 1536 1232 Tornesiani

203 1257 404 1296 tradendis
431 1258 664 1306 plerumque
692 1270 834 1307 magna
861 1257 1047 1308 religione
1073 1257 1130 1310 (in
1156 1258 1330 1297 editione
1355 1272 1424 1297 sua
1443 1258 1536 1296 anni

210 1321 327 1374 1580)
362 1321 486 1372 egisse
520 1321 656 1359 docuit
691 1321 811 1361 Clark
843 1321 916 1373 (op.
948 1324 1005 1360 cit.
1036 1336 1072 1373 p.
1108 1322 1225 1375 198);
1265 1336 1396 1373 neque
1427 1324 1537 1362 aliter

204 1389 442 1426 iudicaverat
478 1388 685 1425 Lehmann
722 1387 794 1437 (op.
825 1388 882 1425 cit.
913 1402 950 1438 p.
985 1387 1086 1439 112),
1121 1388 1189 1438 qui
1222 1388 1458 1427 lectionibus
1491 1402 1537 1427 ex

202 1454 276 1491 Za
305 1452 425 1491 Bosio
459 1451 618 1502 prolatis
650 1445 743 1503 (Zb),
777 1452 807 1490 si
842 1452 926 1490 aliis
961 1453 1126 1491 testibus
1155 1454 1261 1492 velut
1290 1451 1334 1492 ΖΙ
1362 1455 1422 1491 vel
1453 1465 1487 1491 v.
1508 1467 1535 1491 c.

202 1523 240 1555 et
264 1519 300 1556 L
329 1516 484 1569 (marg.)
512 1518 573 1554 vel
601 1530 634 1555 v.
656 1530 682 1555 c.
710 1518 772 1555 vel
805 1518 841 1556 C
866 1519 925 1556 vel
959 1519 1066 1556 Crat.
1095 1518 1155 1556 vel
1182 1519 1237 1555 W
1253 1518 1315 1556 vel
1342 1518 1371 1559 Σ
1399 1519 1537 1556 confir-

204 1591 370 1629 mantur,
399 1582 507 1621 credi
537 1590 718 1632 oportere
745 1582 908 1630 censuit,
937 1576 986 1620 ΖΙ)
1012 1582 1104 1621 solis
1132 1591 1264 1621 tamen
1290 1583 1535 1633 aliquantum

204 1648 465 1685 diffidendum
479 1649 503 1685 ⁵.
562 1648 651 1685 Tali
687 1649 808 1686 modo
844 1661 934 1685 curn
969 1647 1245 1686 adnotationes
1280 1647 1454 1697 singulae
1486 1650 1536 1686 de

203 1713 238 1750 Z
267 1713 535 1750 aestimandae
571 1711 658 1759 sint,
694 1720 731 1750 et
766 1726 856 1750 curn
890 1712 1107 1750 Lambinus
1143 1719 1181 1750 et
1214 1711 1355 1749 Bosius
1389 1711 1475 1763 (qui
1505 1713 1540 1751 Z

204 1776 359 1826 plurimi
380 1776 599 1827 habebant)
620 1777 810 1815 lectiones
830 1777 1025 1827 graviores
1047 1777 1176 1815 omnis
1198 1776 1402 1826 diligenter
1426 1778 1535 1815 adtu-

204 1841 292 1879 lisse
313 1842 517 1879 videantur
544 1840 609 1891 (cf.
632 1842 750 1881 Clark
771 1849 826 1891 op.
847 1843 906 1880 cit.
927 1855 964 1891 p.
989 1842 1091 1892 207),
1115 1854 1216 1890 quae
1243 1841 1357 1878 fuerit
1382 1841 1535 1879 indoles

204 1907 351 1945 codicis
379 1919 617 1956 cognoscere
643 1920 866 1957 possumus.
926 1906 1124 1956 Epistulas
1151 1906 1202 1944 ad
1230 1905 1405 1943 Atticum
1434 1907 1534 1944 solas

245 2016 255 2036 ¹
283 2016 342 2047 Ed.
363 2016 468 2055 prima
488 2016 613 2055 prodiit
634 2017 726 2054 1565,
750 2016 842 2054 1566.

246 2059 258 2079 ²
283 2059 341 2089 Ed.
369 2060 519 2089 secunda
542 2060 667 2097 prodiit
694 2069 786 2098 1572,
805 2064 838 2090 et
861 2059 1006 2097 repetita
1030 2058 1091 2088 suit
1115 2067 1205 2096 1577,
1230 2057 1311 2095 1580
1335 2057 1432 2095 thaec
1454 2057 1532 2087 mihi

202 2108 337 2176 1)ῑὲοέῒο
354 2104 453 2142 erat),
476 2104 570 2176 1581b,
593 2102 825 2175 158‘habdaliis
837 2107 918 2176 cpost
936 2108 1077 2132 mortem
1097 2101 1250 2131 Lambini
1268 2102 1386 2141 (1572)
1405 2105 1530 2131 curata.

310 2147 350 2176 ed
370 2156 436 2176 non
456 2146 546 2176 omni
573 2156 612 2176 us
629 2146 661 2175 vi
689 2157 733 2177 .a
761 2157 791 2176 n.
813 2156 832 2175 a
875 2146 940 2176 xvi.
962 2155 974 2174 1
1003 2169 1010 2176 .
1051 2169 1058 2175 .

245 2189 256 2207 4
282 2189 377 2227 Quae
397 2194 474 2219 nota
494 2189 621 2220 indicat
638 2190 672 2219 in
690 2190 840 2219 editione
860 2156 1011 2219 secundSa
1029 2155 1118 2219 lianc
1140 2187 1316 2218 lectionem
1335 2198 1352 2217 a
1372 2187 1535 2217 Lambino

201 2233 420 2271 approbatam
439 2232 554 2264 fuisse.

245 2275 258 2293 5
284 2275 470 2313 Interdum,
493 2275 546 2305 ubi
564 2280 706 2314 propter·
727 2275 882 2306 Lambini
904 2280 936 2305 et
961 2274 1040 2305 Bosi
1064 2275 1321 2305 consensionem
1346 2273 1435 2303 nulla
1458 2283 1534 2304 esse

202 2323 313 2357 potest
328 2319 490 2349 dubitatio
505 2329 589 2358 quae
603 2318 728 2350 codicis
744 2319 948 2349 Tornesiani
966 2319 1065 2348 suerit
1081 2318 1191 2357 lectio,
1212 2317 1300 2356 siglo
1318 2317 1346 2347 Z
1362 2317 1435 2347 solo
1453 2326 1534 2347 usus

201 2370 288 2391 sum.
