1773 2651
590 156 701 192 EPP.
734 156 812 192 AD
842 155 1101 194 ATTICVM
1420 157 1514 193 VII.
1537 156 1567 193 ii

198 263 439 315 amplissime
469 264 703 314 supplicatio
733 272 947 303 consecuta
977 273 1044 303 est.
1105 267 1140 302 A
1167 278 1247 314 quo
1279 265 1309 303 si
1345 280 1390 304 ea
1416 274 1524 315 gesta

198 338 327 368 essent
360 344 460 379 quae
492 329 655 379 scripsit,
688 331 899 379 gauderem
933 337 970 367 et
1010 329 1148 368 honori
1181 331 1377 377 faverem,
1418 344 1523 369 nunc

197 394 307 432 illum
338 395 404 445 qui
439 396 581 445 pedem
614 403 725 445 porta
759 397 891 444 quoad
926 395 1049 433 hostis
1085 395 1139 433 cis
1171 397 1413 445 Euphratem
1452 395 1522 434 fuit

197 473 277 497 non
317 460 495 498 extulerit
527 462 676 498 honore
708 460 850 510 augeri,
889 474 951 498 me
986 460 1024 497 in
1060 460 1170 498 cuius
1207 460 1376 498 exercitu
1411 474 1521 511 spem

157 544 173 574 5
197 524 298 562 illius
328 525 518 563 exercitus
553 525 690 563 habuit
721 525 826 563 idem
858 539 937 563 non
967 525 1130 575 adsequi
1160 527 1333 564 dedecus
1366 534 1423 564 est
1454 540 1522 564 no-

196 597 331 636 strum,
348 598 536 636 nostrum,
555 590 727 639 inquam,
744 598 781 628 te
803 590 1056 640 coniungens.
1100 592 1239 640 Itaque
1256 591 1390 629 omnia
1410 605 1521 641 expe-

196 654 267 692 riar
297 663 345 701 et,
379 663 419 692 ut
450 668 573 705 spero,
597 657 800 705 adsequar.
862 657 983 704 Quod
1014 656 1043 693 si
1075 664 1115 693 tu
1138 658 1295 703 valeres,
1319 656 1395 694 iam
1425 656 1520 694 mihi

195 720 389 769 quaedam
413 721 610 769 explorata
632 728 788 767 essent3
818 721 898 767 sed,
923 728 963 758 ut
986 734 1110 770 spero,
1134 721 1294 760 valebis.

249 785 310 822 De
332 785 569 822 raudusculo
592 784 837 822 Numeriano
860 786 1027 822 multum
1060 793 1096 823 te
1117 799 1218 823 amo.
1280 785 1519 823 Hortensius
1538 792 1560 831 7

138 867 173 888 10
192 848 288 898 quid
316 849 435 898 egerit
462 862 560 886 aveo
591 849 698 895 scire,
724 850 825 888 Cato
853 849 948 898 quid
978 857 1090 899 agat,
1120 849 1186 898 qui
1212 850 1372 899 quidem
1395 849 1433 887 in
1456 864 1518 888 me

192 913 354 963 turpiter
374 913 444 950 fuit
462 914 687 951 malevolus.
751 913 871 951 Dedit
889 913 1127 963 integritatis,
1153 913 1331 959 iustitiae,
1351 915 1518 952 clemen-

191 978 276 1025 tiae,
311 978 402 1016 fidei
433 978 528 1016 mihi
559 977 828 1016 testimonium
859 979 967 1028 quod
998 992 1078 1016 non
1109 980 1374 1028 quaerebam3
1409 980 1517 1029 quod

189 1044 451 1093 postulabam,
485 1043 524 1082 id
554 1043 720 1093 negavit.
782 1045 921 1093 Itaque
954 1044 1098 1082 Caesar
1130 1043 1174 1081 iis
1210 1043 1343 1082 litteris
1374 1044 1518 1093 quibus

191 1108 286 1146 mihi
319 1110 532 1158 gratulatur
570 1116 609 1146 et
647 1108 780 1146 omnia
819 1108 1024 1158 pollicetur
1063 1123 1142 1158 quo
1188 1110 1309 1147 modo
1352 1111 1517 1147 exsultat

133 1190 167 1222 ¹5
191 1174 354 1213 Catonis
386 1174 425 1212 in
458 1188 521 1212 me
556 1173 804 1224 ingratissimi
840 1173 1002 1212 iniuria!
1060 1176 1113 1211 At
1148 1174 1210 1212 hic
1238 1174 1343 1212 idem
1373 1175 1516 1213 Bibulo

188 1238 341 1277 dierum
376 1251 445 1277 XX.
509 1240 676 1289 Ignosce
708 1237 831 1286 mihi,
875 1252 955 1276 non
989 1252 1149 1288 possum
1186 1240 1282 1277 haec
1314 1240 1410 1277 ferre
1443 1253 1516 1278 nec

186 1305 317 1342 feram.

240 1369 370 1419 Cupio
390 1370 441 1407 ad
462 1368 590 1407 omnis
611 1376 696 1407 tuas
717 1368 914 1418 epistulas,
937 1370 1006 1407 sed
1027 1368 1123 1406 nihil
1144 1382 1304 1407 necesse
1325 1376 1406 1416 est,
1437 1369 1513 1407 iam
1533 1372 1556 1409 8

185 1435 291 1474 enim
313 1443 350 1473 te
371 1435 525 1474 videbo.
587 1436 692 1473 Illud
713 1442 844 1472 tamen
866 1435 916 1472 de
933 1434 1155 1484 Chrysippo
1172 1459 1195 1462 -
1211 1448 1302 1472 nam
1323 1436 1373 1472 de
1393 1436 1514 1474 altero

128 1516 166 1537 20
186 1500 252 1538 illo
274 1499 404 1538 minus
426 1514 513 1538 sum
541 1499 769 1545 admiratus,
791 1498 969 1548 operario
995 1499 1156 1537 homine
1175 1514 1183 1545 3
1214 1500 1282 1537 sed
1308 1507 1439 1537 tamen
1465 1513 1514 1538 ne

185 1565 252 1603 illo
273 1564 434 1614 quidem
457 1564 669 1614 quicquam
692 1563 919 1613 improbius.
980 1563 1245 1613 Chrysippum
1274 1577 1364 1601 vero
1395 1578 1513 1613 quem

184 1643 257 1679 ego
273 1637 431 1679 propter
452 1628 707 1667 litterularum
731 1627 864 1666 nescio
886 1627 981 1677 quid
1003 1627 1169 1666 libenter
1189 1627 1278 1674 vidi,
1303 1627 1341 1665 in
1364 1629 1513 1667 honore

184 1694 305 1733 habui
335 1694 538 1733 discedere
572 1707 595 1731 a
629 1707 750 1744 puero
786 1693 976 1731 insciente
1007 1696 1093 1731 me!
1153 1693 1272 1732 Mitto
1306 1693 1381 1731 alia
1412 1708 1513 1743 quae

184 1759 304 1798 audio
334 1761 465 1805 multa,
490 1758 603 1796 mitto
633 1760 757 1804 furta3
800 1759 931 1807 fugam
962 1771 1041 1796 non
1072 1759 1152 1796 fero
1183 1772 1260 1808 qua
1291 1759 1385 1796 mihi
1417 1759 1511 1797 nihil

128 1841 165 1873 25
186 1824 311 1862 visum
342 1832 399 1862 est
429 1823 663 1862 sceleratius.
726 1825 866 1872 Itaque
901 1823 1081 1873 usurpavi
1114 1831 1223 1861 vetus
1254 1823 1348 1861 illud
1381 1824 1509 1870 Drusi,

185 1898 225 1927 ut
247 1891 383 1935 ferunt,
408 1888 595 1939 praetoris
626 1888 664 1926 in
695 1902 742 1927 eo
773 1888 839 1938 qui
870 1889 1007 1926 eadem
1039 1887 1135 1926 liber
1164 1901 1244 1926 non
1274 1888 1425 1935 iuraret,
1449 1903 1511 1927 me

181 1954 276 1993 istos
306 1954 448 1992 liberos
479 1968 559 1992 non
589 1952 797 2000 addixisse,
831 1952 1057 2002 praesertim
1093 1966 1183 1990 cum
1210 1954 1365 1991 adesset
1394 1967 1511 1992 nemo

179 2032 202 2056 a
222 2032 302 2068 quo
322 2027 426 2057 recte
447 2018 748 2056 vindicarentur.
810 2019 857 2055 Id
880 2025 930 2064 tu,
955 2025 996 2055 ut
1017 2017 1222 2064 videbitur,
1246 2017 1298 2055 ita
1317 2018 1510 2068 accipies;

180 2096 253 2133 ego
273 2083 343 2121 tibi
363 2082 569 2121 adsentiar.

122 2167 162 2197 30
235 2147 312 2184 Vni
333 2156 422 2185 tuae
443 2147 720 2185 disertissimae
745 2147 935 2196 epistulae
962 2160 1042 2184 non
1071 2147 1246 2197 rescripsi
1279 2147 1317 2184 in
1345 2161 1423 2197 qua
1451 2155 1508 2185 est

226 2263 238 2282 1
266 2253 470 2292 amplissima
505 2253 587 2283 Pius
733 2263 751 2290 4
777 2251 897 2282 extulit
921 2252 1004 2282 Ant.
1034 2251 1150 2282 Lamb.
1310 2262 1328 2290 5
1354 2252 1509 2282 habuerit

179 2298 259 2327 coni.
281 2296 471 2337 IVesenbetg
652 2304 688 2333 13
715 2295 747 2326 id
767 2296 910 2334 negavit.
961 2295 1078 2333 Itaque
1102 2295 1251 2325 Ernesti:
1279 2296 1423 2334 negavit.
1471 2295 1508 2325 Id

179 2341 293 2379 itaque
317 2340 374 2370 M:
400 2340 545 2378 negavit,
594 2338 710 2378 Itaque
736 2339 830 2369 Man.
942 2340 981 2368 16
1005 2339 1134 2368 dierum
1160 2348 1206 2368 xx
1231 2339 1335 2379 vulga:
1360 2349 1430 2369 Dxx
1448 2339 1506 2368 M:

179 2383 326 2414 decrevit
346 2386 400 2425 (sc.
417 2383 683 2424 supplicationem
702 2383 801 2413 unius
816 2382 889 2422 diei)
920 2381 1060 2412 Vrsinus
1074 2392 1113 2413 ex
1128 2381 1226 2412 codice
