1732 2661
112 159 166 198 II.
186 170 247 195 xv
576 161 631 197 M.
663 161 830 198 TVLLI
863 161 1169 199 CICERONIS

204 268 415 319 publicae?
473 269 669 307 Nimirum
692 269 731 306 in
755 269 897 308 Publio
919 283 1007 319 spes
1028 278 1096 308 est.
1150 270 1244 316 Fiat,
1269 271 1335 308 fiat
1356 270 1534 309 tribunus

203 335 267 382 pl.‚
291 333 321 371 si
345 333 438 371 nihil
460 333 565 371 aliud
588 342 629 372 ut
651 348 698 372 eo
720 334 833 371 citius
855 342 896 372 tu
918 348 964 373 ex
987 334 1107 384 Epiro
1128 343 1317 373 revertare
1336 350 1342 379 ;
1372 349 1460 372 narn
1493 344 1535 373 ut

202 397 269 436 illo
299 405 340 435 tu
369 411 499 436 careas
529 412 609 436 non
640 398 756 437 video
791 412 906 448 posse
935 399 1030 446 fieri,
1062 399 1287 449 praesertim
1317 399 1347 437 si
1378 413 1534 438 mecum

201 462 350 512 aliquid
380 464 483 501 volet
516 462 725 512 disputare.
787 464 865 501 Sed
896 463 936 502 id
968 463 1129 513 quidem
1162 477 1243 502 non
1277 463 1444 502 dubium
1476 471 1533 501 est

201 527 296 576 quin
318 527 348 565 si
370 527 465 577 quid
487 527 557 565 erit
578 526 661 565 eius
690 527 799 565 modi
827 527 878 565 sis
903 529 1165 566 advolaturus.
1226 530 1373 566 Verum
1395 536 1436 566 ut
1458 530 1533 567 hoc
1554 541 1570 571 5

201 605 281 630 non
314 591 371 637 sit,
407 600 550 638 tamen,
588 591 667 629 sive
703 600 787 630 ruet
819 593 894 631 sive
928 600 1034 642 geret
1065 607 1146 631 rem
1181 593 1392 642 publicam,
1429 606 1533 642 prae-

201 658 347 695 clarum
388 657 657 706 spectaculum
698 656 794 694 mihi
834 670 1024 707 propono,
1068 659 1189 696 modo
1229 666 1266 696 te
1305 671 1532 696 consessore

201 729 376 772 spectare
406 721 529 760 liceat.

157 793 181 831 3
256 788 359 825 Cum
390 788 486 825 haec
512 786 680 825 maxime
711 786 931 833 scriberem,
955 800 1048 825 ecce
1069 786 1139 825 tibi
1167 788 1366 825 Sebosus!
1425 789 1532 825 Non-

200 852 296 889 dum
328 853 444 902 plane
476 851 753 901 ingemueram,
794 853 946 889 ‘salve'
981 851 1108 901 inquit
1143 851 1287 890 Arrius.
1349 854 1441 890 Hoc
1472 859 1530 890 est
1553 864 1591 886 10

201 918 332 955 Roma
363 917 578 955 decedere!
648 917 759 965 Quos
791 930 864 967 ego
896 916 1078 955 homines
1110 916 1227 967 effugi
1258 930 1348 955 cum
1383 917 1423 955 in
1458 918 1530 956 hos

199 981 320 1020 incidi
340 985 346 1019 1
404 984 490 1031 Ego
510 995 601 1020 vero

339 1049 411 1085 ‘In
442 1046 588 1085 montis
620 1046 765 1097 patrios
796 1054 834 1085 et
863 1047 914 1086 ad
945 1046 1186 1085 incunabula
1215 1048 1368 1085 nostra'

198 1126 368 1163 pergam.
430 1112 613 1162 Denique
635 1112 666 1150 si
688 1114 794 1150 solus
816 1126 896 1150 non
918 1120 1094 1161 potuer0‚
1113 1126 1203 1150 cum
1226 1112 1378 1150 rusticis
1399 1112 1529 1163 potius

198 1191 316 1227 quam
348 1191 438 1215 cum
469 1177 528 1215 his
559 1177 797 1227 perurbanis‚
829 1177 881 1215 ita
905 1185 1037 1215 tamen
1068 1185 1121 1224 ut,
1145 1177 1332 1227 quoniam
1363 1185 1404 1215 tu
1435 1177 1529 1216 certi
1552 1190 1588 1222 15

198 1243 294 1281 nihil
315 1242 462 1289 scribis,
485 1242 524 1280 in
547 1242 758 1281 Formiano
779 1242 849 1280 tibi
870 1244 1083 1292 praestoler
1107 1256 1231 1292 usque
1251 1244 1302 1281 ad
1324 1255 1369 1280 111
1393 1244 1529 1282 Nonas

200 1308 336 1346 Maias.

150 1382 177 1419 4
251 1374 459 1412 Terentiae
487 1381 662 1424 pergrata
683 1380 740 1411 est
760 1373 978 1412 adsiduitas
1003 1381 1069 1411 tua
1095 1381 1132 1411 et
1157 1373 1358 1424 diligentia
1378 1373 1417 1411 in
1438 1387 1530 1412 con-

198 1438 381 1477 troversia
405 1438 618 1476 Mulviana.
680 1438 816 1476 Nescit
837 1437 1002 1477 omnino
1030 1446 1067 1476 te
1093 1452 1347 1476 communem
1369 1452 1527 1476 causam

196 1504 408 1542 defendere
429 1516 563 1541 eorum
586 1503 652 1553 qui
673 1516 785 1553 agros
807 1503 986 1553 publicos
1011 1503 1264 1554 possideant3
1295 1505 1364 1542 sed
1395 1512 1526 1542 tamen
1548 1516 1589 1538 20

197 1575 237 1606 tu
269 1567 417 1617 aliquid
452 1567 672 1617 publicanis
700 1568 851 1618 pendis,
889 1569 986 1606 haec
1021 1568 1138 1607 etiam
1174 1569 1214 1607 id
1246 1576 1408 1607 recusat.
1470 1571 1528 1606 Ea

196 1632 267 1671 tibi
306 1633 419 1683 igitur
466 1640 503 1671 et
550 1634 725 1684 Κικέρων,
770 1635 1170 1684 ἀριστοκρατικώτατος
1217 1637 1314 1682 παῖς,
1362 1635 1527 1673 salutem

197 1698 344 1737 dicunt.

240 1804 349 1840 XVI
468 1807 535 1839 Ser.
557 1809 589 1838 in
607 1809 788 1840 Formiano
806 1809 849 1840 in.
873 1820 916 1840 m.
939 1809 1030 1840 Maio
1047 1821 1078 1841 a.
1101 1811 1159 1850 695
1178 1809 1263 1850 (59).

605 1897 780 1928 CICERO
813 1897 988 1930 ATTICO
1021 1898 1117 1930 SAL.
1548 1907 1584 1938 25

164 1993 182 2020 1
255 1987 407 2025 Cenato
435 1986 529 2024 mibi
558 1994 595 2024 et
625 1986 701 2024 iam
729 1988 957 2026 dormitanti
979 1988 1102 2038 pridie
1132 1990 1181 2025 K.
1209 1986 1334 2025 Maias
1361 1985 1527 2035 epistula

198 2059 255 2089 est
288 2051 352 2090 illa
385 2052 537 2090 reddita
569 2051 607 2089 in
640 2066 717 2102 qua
750 2054 800 2091 de
833 2067 926 2103 agro
961 2055 1167 2103 Campano
1201 2051 1346 2090 scribis.
1418 2050 1526 2099 Quid

196 2117 381 2166 quaeris?
410 2117 536 2167 primo
564 2117 616 2155 ita
644 2132 706 2156 me
730 2118 896 2168 pupugit
924 2126 965 2156 ut
993 2131 1176 2156 somnum
1201 2115 1297 2154 mihi
1323 2115 1529 2162 ademerit,

197 2183 266 2219 sed
298 2182 336 2220 id
369 2182 605 2232 cogitatione
636 2184 758 2233 magis
785 2197 904 2233 quam
934 2183 1112 2222 molestia
1127 2197 1136 2230 3
1177 2180 1363 2231 cogitanti
1394 2187 1525 2218 autem

197 2248 294 2285 haec
324 2249 402 2286 fere
431 2249 722 2286 succurrebant.
783 2248 957 2286 Primum
987 2262 1033 2286 ex
1058 2261 1105 2285 eo
1133 2247 1240 2296 quod
1262 2244 1525 2295 superioribus
1546 2256 1586 2287 30

239 2353 260 2381 6
277 2353 347 2382 sive
364 2357 460 2390 geret
474 2351 575 2382 Reid:
596 2357 667 2389 -gct
683 2351 756 2382 CZ:
775 2350 845 2381 sive
861 2352 969 2389 eriget
985 2349 1153 2381 Cotradns
1168 2360 1173 2379 z
1192 2349 1262 2378 sive
1275 2353 1371 2387 reget
1383 2346 1525 2377 ,Miillert

196 2399 335 2467 351}le
363 2395 495 2436 <lacuna
520 2405 576 2425 sex
597 2395 780 2425 litterarum
809 2393 843 2424 in
870 2392 923 2434 M)
1075 2403 1111 2431 14
1131 2395 1206 2433 post
1230 2391 1320 2422 solus
1345 2390 1421 2421 add.
1451 2399 1525 2420 esse

230 2449 254 2468 et
