1773 2651
142 552 157 583 5

124 878 161 900 10

128 1617 166 1638 20

601 167 712 203 EPP.
745 167 823 203 Al)
854 166 1113 203 ATTICVM
1461 165 1537 201 III.
1558 174 1619 200 xx

178 278 358 317 universa
379 279 512 323 salute,
532 277 563 316 si
585 292 630 317 ea
652 279 773 317 modo
796 278 909 316 nobis
931 278 1166 325 restituetur,
1183 277 1339 316 inerunt
1360 275 1512 323 omnia3

178 358 224 382 ex
244 343 389 393 quibus
416 343 513 380 nihil
541 344 645 381 malo
667 357 786 393 quam
810 345 986 382 domum.
1048 344 1126 381 Sed
1147 342 1218 380 tibi
1243 342 1340 380 nihil
1365 342 1513 380 mando

178 408 424 456 nominatim,
449 416 575 447 totum
598 422 662 446 me
684 416 752 446 tuo
772 409 896 447 amori
917 408 1090 458 fideique
1111 408 1362 446 commendo.

233 476 355 524 Quod
382 482 420 513 te
447 475 486 512 in
514 482 622 512 tanta
650 474 867 512 hereditate
895 474 946 512 ab
976 473 1085 511 omni
1112 471 1373 522 occupatione
1402 485 1514 521 expe-

178 539 281 587 disti,
297 541 411 579 valde
432 540 528 578 mihi
549 548 701 590 gratum
723 547 791 578 est.
840 541 961 588 Quod
982 539 1186 577 facultates
1206 545 1292 575 tuas
1312 537 1363 575 ad
1384 549 1513 574 meam

179 606 346 642 salutem
382 605 577 655 polliceris
612 612 655 643 ut
689 604 875 643 omnibus
910 605 1026 643 rebus
1061 617 1083 642 a
1114 610 1152 641 te
1181 610 1333 653 praeter
1364 608 1514 639 ceteros

180 669 297 716 iuver,
335 670 375 709 id
415 679 607 720 quantum
650 670 697 708 sit
738 670 976 720 praesidium
1015 669 1132 707 video
1172 668 1437 717 intellegoque
1477 674 1515 704 te

181 737 323 773 multas
354 736 472 785 partis
509 750 620 775 meae
650 736 784 774 salutis
814 743 852 774 et
882 734 1079 784 suscipere
1108 741 1146 772 et
1175 745 1291 783 posse
1323 731 1513 770 sustinere

180 814 310 850 neque
340 809 382 839 ut
411 801 463 839 ita
490 802 608 840 facias
636 803 855 851 rogandum
883 814 977 838 esse.
1039 800 1161 848 Quod
1188 812 1251 837 me
1275 805 1382 836 vetas
1409 795 1514 846 quic·
1533 807 1556 844 3

181 879 301 915 quam
332 867 520 916 suspicari
549 867 740 906 accidisse
772 868 822 905 ad
856 865 1032 904 animum
1064 873 1176 902 tuum
1211 865 1319 914 quod
1351 875 1463 901 secus
1492 875 1515 899 a

182 944 245 969 me
270 945 359 981 erga
380 940 417 970 te
444 932 701 971 commissum
728 939 794 970 aut
815 930 1132 982 praetermissum
1153 929 1359 974 videretur,
1383 940 1514 978 geram

183 996 254 1035 tibi
291 1011 441 1036 morem
477 1006 515 1037 et
542 998 737 1036 liberabor
767 997 840 1035 ista
874 1011 976 1044 cura,
1001 996 1070 1034 tibi
1099 1003 1232 1033 tamen
1259 1008 1306 1032 eo
1333 995 1421 1044 plus
1452 993 1516 1031 de-

183 1061 288 1101 bebo
313 1076 393 1113 quo
418 1071 484 1101 tua
511 1063 551 1101 in
579 1077 642 1101 me
667 1062 891 1101 humanitas
918 1061 1031 1100 fuerit
1059 1060 1247 1099 excelsior
1271 1072 1390 1109 quam
1415 1057 1454 1095 in
1478 1065 1516 1096 te

184 1141 281 1166 mea.
336 1129 467 1167 Velim
489 1128 585 1179 quid
601 1128 745 1174 videas,
762 1127 858 1178 quid
880 1127 1091 1176 intellegas,
1111 1125 1207 1176 quid
1227 1132 1362 1175 agatur
1381 1124 1432 1162 ad
1453 1137 1516 1160 me

184 1193 330 1231 scribas
352 1202 520 1244 tuosque
542 1194 671 1232 omnis
691 1194 742 1232 ad
763 1200 936 1232 nostram
958 1194 1124 1230 salutem
1145 1191 1363 1229 adhortere.

240 1259 410 1309 Rogatio
432 1259 532 1298 Sesti
560 1272 690 1308 neque
715 1257 913 1308 dignitatis
941 1256 1032 1295 satis
1061 1256 1181 1294 habet
1208 1269 1281 1293 nec
1309 1253 1512 1293 cautionis.

185 1325 289 1361 Nam
321 1332 359 1362 et
389 1324 623 1362 nominatim
656 1322 743 1362 ferri
782 1330 936 1372 oportet
975 1329 1013 1359 et
1047 1321 1098 1358 de
1137 1319 1251 1358 bonis
1290 1317 1515 1369 diligentius

184 1387 313 1436 scribi,
334 1396 372 1426 et
399 1388 439 1426 id
463 1388 752 1427 animadvertas
771 1386 900 1426 velim.
961 1388 1064 1424 Data
1085 1397 1148 1422 1111
1172 1386 1309 1423 Nonas
1331 1382 1516 1423 Octobris

184 1453 501 1492 Thessalonicae.

229 1607 339 1642 XXI
463 1609 531 1642 Ser.
557 1609 797 1641 Thessalonicae
810 1620 830 1640 v
847 1609 890 1640 K.
912 1607 996 1639 Nov.
1012 1618 1042 1639 a.
1065 1608 1128 1649 696
1143 1606 1231 1648 (58).

602 1698 777 1730 CICERO
802 1698 975 1729 ATTICO
1002 1697 1099 1729 SAL.

239 1788 416 1838 Triginta
436 1789 521 1827 dies
549 1795 657 1826 erant
678 1787 751 1836 ipsi
779 1800 870 1824 curn
895 1787 964 1824 has
993 1786 1137 1823 dabam
1163 1784 1308 1823 litteras
1329 1797 1398 1834 per
1417 1797 1518 1834 quos

186 1856 312 1892 nullas
332 1868 354 1892 a
375 1854 487 1892 vobis
511 1866 752 1902 acceperam.
814 1851 916 1888 Mihi
940 1858 1072 1888 autem
1097 1858 1177 1888 erat
1205 1849 1245 1887 in
1265 1849 1399 1887 animo
1426 1849 1515 1896 iam,

187 1927 229 1957 ut
255 1927 371 1957 antea
396 1920 447 1957 ad
476 1926 515 1956 te
542 1917 688 1967 scripsi,
712 1917 766 1954 ire
791 1916 830 1954 in
857 1915 1020 1965 Epirum
1045 1923 1083 1953 et
1110 1914 1164 1952 ibi
1194 1927 1354 1953 omnem
1382 1927 1517 1952 casum

188 1984 437 2035 potissimum
467 1991 704 2033 exspectare.
763 1984 823 2020 Te
847 1995 916 2019 oro
946 1988 1001 2027 ut,
1023 1980 1053 2017 si
1078 1980 1174 2030 quid
1202 1979 1272 2018 erit
1299 1980 1408 2029 quod
1437 1993 1518 2028 per-

187 2049 327 2099 spicias
359 2062 652 2099 quamcumque
684 2047 723 2085 in
755 2054 916 2097 partem,
949 2058 1069 2094 quam
1101 2043 1328 2094 planissime
1365 2045 1415 2081 ad
1455 2057 1517 2081 me

187 2115 332 2153 scribas
362 2122 400 2153 et
430 2128 520 2152 meo
548 2113 719 2158 nomine,
752 2120 795 2150 ut
829 2111 978 2157 scribis,
1009 2110 1153 2148 litteras
1185 2108 1329 2159 quibus
1360 2107 1517 2158 putabis

187 2194 286 2230 opus
307 2194 392 2218 esse
414 2188 456 2218 ut
477 2181 556 2218 des
618 2180 721 2216 Data
742 2191 766 2214 v
790 2179 877 2215 Kal.
902 2175 1150 2214 Novembris.

236 2294 273 2323 15
297 2285 423 2315 scribas
441 2290 583 2322 tuosque
601 2283 708 2313 omnis
728 2283 774 2313 C:
810 2282 1002 2320 scribasque
1023 2280 1131 2310 omnis
1149 2279 1200 2309 llll
1220 2291 1226 2309 :
1250 2279 1379 2310 scribas
1395 2278 1516 2309 omnis-

188 2339 253 2367 que
280 2327 331 2357 M2'
493 2328 530 2357 18
556 2332 589 2357 et
615 2327 680 2356 secl.
715 2325 904 2364 Wesenlmg
1036 2324 1108 2363 1111]
1141 2333 1176 2353 v1
1204 2321 1335 2352 Sclziclte
1477 2333 1517 2361 24

189 2382 304 2402 casum
324 2370 429 2401 Pius:
454 2380 587 2401 causam
614 2370 655 2399 M
796 2370 837 2399 28
860 2369 897 2409 v]
929 2378 954 2399 11
979 2366 1109 2399 Schiche
1206 2365 1288 2397 Post
1316 2366 1519 2397 Novembris

189 2415 265 2446 add.
285 2414 529 2446 Thessalonica
544 2412 660 2444 codices
676 2412 758 2444 Bosi

1392 2488 1430 2517 7*
