1773 2651
162 152 237 190 ΙΙΙ.
262 163 291 188 x
635 153 690 188 M.
722 151 891 188 TVLLI
923 150 1229 189 CICERONIS

265 276 315 300 ne
344 262 529 308 viderem,
559 276 608 300 ne
637 270 703 300 aut
733 261 834 299 illius
865 263 1014 299 luctum
1045 262 1346 310 squaloremque
1375 259 1589 309 aspicerem

264 335 331 365 aut
364 341 426 366 me
461 341 579 377 quem
614 327 678 365 ille
710 326 1030 364 florentissimum
1070 326 1276 374 reliquerat
1307 325 1502 374 perditum
1537 325 1590 362 illi

265 393 548 442 adflictumque
573 393 762 430 offerrem.
824 392 943 429 Mitto
967 399 1096 429 cetera
1123 389 1381 428 intolerabilia
1396 404 1406 437 3
1445 389 1590 428 etenim

265 459 357 496 fletu
383 457 587 508 impedior.
649 457 728 494 Hic
757 464 885 495 utrum
913 457 1073 494 tandem
1095 469 1182 493 surn
1209 456 1455 493 accusandus
1483 455 1591 504 quod

263 524 391 569 doleo,
416 536 465 560 an
496 523 604 572 quod
635 521 815 560 commisi
845 529 886 559 ut
916 523 1013 559 haec
1040 535 1121 559 non
1147 528 1213 558 aut
1241 520 1459 566 retinerem,
1483 520 1591 568 quod
1612 529 1628 560 5

264 588 376 626 facile
398 589 533 625 suisset
558 587 631 625 nisi
659 587 759 624 intra
786 587 952 636 parietes
977 599 1087 624 meos
1117 587 1166 624 de
1192 599 1279 623 mea
1306 584 1477 635 pernicie
1502 597 1591 622 con-

264 653 348 690 silia
368 652 569 699 inirentur,
589 660 655 690 aut
677 660 781 690 certe
802 651 911 689 vivus
932 664 1011 689 non
1032 650 1283 689 amitterem?

221 724 244 761 3
322 719 433 756 Haec
455 730 502 755 eo
523 716 658 766 scripsi
680 724 721 754 ut
746 716 876 766 potius
904 717 1092 754 relevares
1117 729 1190 762 me,
1214 716 1322 765 quod
1344 714 1447 761 facis,
1472 728 1590 764 quam

263 792 304 822 ut
330 783 584 834 castigatione
611 791 677 821 aut
705 782 977 832 obiurgatione
1004 782 1167 832 dignum
1197 789 1365 831 putares,
1386 794 1513 830 eoque
1540 781 1590 817 ad

263 857 301 887 te
323 849 451 887 minus
483 850 605 886 multa
634 848 762 886 scribo
790 849 898 897 quod
926 855 963 886 et
994 860 1168 885 maerore
1194 846 1388 896 impedior
1415 854 1452 883 et
1482 846 1590 895 quod
1616 857 1654 880 10

263 922 487 963 exspectem
522 913 636 951 istinc
670 913 791 962 magis
824 913 952 951 habeo
984 926 1101 962 quam
1142 912 1250 961 quod
1289 910 1371 960 ipse
1410 910 1588 948 scribam.

265 980 379 1027 Quae
400 978 431 1016 si
452 986 564 1016 erunt
584 979 727 1025 adlata,
742 977 881 1015 faciam
903 985 940 1015 te
957 976 1095 1015 consili
1117 975 1237 1014 nostri
1259 975 1473 1013 certiorem.
1515 977 1588 1020 Tu,

264 1052 306 1081 ut
343 1045 474 1081 adhuc
509 1043 648 1090 fecisti,
680 1057 798 1092 quam
833 1042 1009 1092 plurimis
1048 1043 1098 1080 de
1137 1042 1252 1079 rebus
1291 1041 1341 1078 ad
1381 1054 1444 1077 me
1475 1040 1591 1077 velim

264 1108 420 1154 scribam,
462 1116 503 1146 ut
543 1122 699 1158 prorsus
739 1122 788 1146 ne
829 1107 924 1158 quid
964 1107 1150 1158 ignorem.
1223 1108 1326 1144 Data
1365 1117 1459 1142 x1111
1502 1106 1588 1142 Kal.

265 1173 452 1223 Quintilis
476 1173 791 1212 Thessalonicae.
1616 1182 1652 1213 15

306 1359 374 1394 XI
523 1361 592 1395 Ser.
614 1362 851 1393 Thessalonicae
867 1363 899 1392 iv
913 1361 956 1392 K.
979 1361 1089 1400 Quint.
1111 1372 1142 1392 a.
1166 1361 1229 1401 ⁶96
1248 1361 1260 1402 (
1268 1361 1335 1401 58).

683 1457 858 1488 CICERO
882 1456 1055 1487 ATTICO
1082 1456 1178 1486 SAL.

232 1563 250 1590 1
324 1557 392 1594 Me
423 1563 460 1594 et
485 1563 574 1594 tuae
601 1555 751 1594 litterae
778 1563 815 1593 et
843 1555 1004 1605 quidam
1036 1554 1130 1593 boni
1161 1553 1300 1602 nuntiij
1325 1567 1405 1592 non
1436 1554 1594 1604 optimis

266 1629 398 1659 tamen
433 1621 672 1667 auctoribuS,
703 1629 740 1658 et
779 1620 1018 1670 exspectatio
1054 1628 1265 1658 vestrarum
1304 1619 1516 1658 litterarum
1556 1627 1593 1657 et

264 1688 372 1736 quod
404 1686 473 1724 tibi
509 1685 562 1723 ita
596 1687 794 1735 placuerat
823 1677 955 1723 adhuc
985 1685 1293 1724 Thessalonicae
1323 1685 1492 1723 tenebat.
1553 1683 1592 1722 Si
1616 1699 1655 1721 20

263 1765 453 1801 accepero
474 1751 619 1790 litteras
641 1764 738 1801 quas
759 1759 957 1800 exspecto,
978 1750 1009 1788 si
1037 1764 1125 1801 spes
1155 1750 1226 1789 erit
1247 1764 1293 1789 ea
1313 1764 1414 1800 quae
1435 1749 1594 1787 rumori-

264 1817 338 1855 bus
371 1818 629 1863 adserebatur,
662 1818 712 1855 ad
749 1824 786 1855 te
820 1830 883 1854 me
915 1818 1138 1863 conferam3
1177 1816 1207 1854 si
1238 1829 1318 1854 non
1348 1815 1428 1862 erit,
1452 1814 1592 1853 faciam

221 1893 245 1920 2
265 1890 302 1920 te
323 1881 527 1920 certiorem
550 1881 645 1931 quid
667 1881 821 1930 egerim.
884 1883 946 1919 Tu
975 1895 1051 1927 me,
1072 1889 1113 1919 ut
1134 1880 1241 1928 facis,
1263 1893 1394 1929 opera,
1415 1879 1593 1927 consilio,

262 1947 383 1997 gratia
418 1946 534 1993 iuva3
581 1946 775 1985 consolari
815 1947 891 1984 iam
930 1947 1080 1994 desine,
1115 1946 1318 1996 obiurgare
1356 1959 1448 1983 vero
1487 1945 1592 1991 noli3

261 2014 369 2062 quod
390 2026 480 2050 cum
502 2012 606 2059 facis,
631 2020 672 2050 ut
693 2025 766 2062 ego
794 2020 904 2050 tuum
932 2026 1106 2050 amorem
1129 2020 1165 2050 et
1186 2013 1363 2050 dolorem
1385 2010 1566 2049 desidero
1584 2013 1590 2048 ἔ
1613 2023 1649 2054 25

261 2091 379 2127 quern
408 2077 459 2115 ita
485 2078 686 2116 adfectum
715 2091 803 2116 mea
829 2091 1017 2116 aerumna
1046 2091 1130 2116 esse
1157 2076 1320 2115 arbitror
1341 2083 1383 2114 ut
1404 2084 1441 2114 te
1462 2076 1591 2126 ipsum

261 2142 455 2180 consolari
483 2156 602 2181 nemo
630 2143 762 2193 possit.
824 2143 1018 2191 Quintum
1049 2144 1203 2180 fratrem
1234 2141 1427 2191 optimum
1458 2142 1592 2179 huma-

262 2207 549 2258 nissimumque
571 2215 756 2246 sustenta.
817 2209 881 2246 Ad
909 2221 973 2245 me
1000 2208 1165 2246 obsecro
1193 2214 1230 2245 te
1261 2214 1303 2244 ut
1328 2205 1460 2244 omnia
1488 2213 1592 2244 certa

262 2273 488 2322 perscribas.
551 2276 654 2312 Data
675 2286 737 2311 1111
764 2275 850 2311 Kal.
871 2272 1068 2322 Quintilis.

304 2387 323 2416 5
348 2389 415 2408 non
442 2383 499 2409 aut
526 2377 687 2419 Madvig:
713 2383 769 2409 aut
788 2389 854 2408 non
878 2377 919 2407 Μ
1078 2388 1095 2416 7
1122 2388 1188 2407 non
1205 2387 1270 2407 om.
1293 2376 1381 2407 Crat.
1548 2386 1590 2406 20

260 2422 399 2452 tenebat
430 2421 487 2451 M¹
522 2422 631 2454 Rau:
671 2422 767 2453 -bant
794 2421 848 2451 M2
876 2421 991 2451 Baiter
1120 2431 1161 2460 23
1185 2426 1218 2451 te
1241 2420 1418 2450 certiorem
1445 2430 1509 2449 om.
1534 2418 1589 2448 Ml
