<?xml version="1.0" encoding="UTF-8"?>
<!DOCTYPE html PUBLIC "-//W3C//DTD XHTML 1.0 Transitional//EN"
    "http://www.w3.org/TR/xhtml1/DTD/xhtml1-transitional.dtd">
<html xmlns="http://www.w3.org/1999/xhtml" xml:lang="en" lang="en">
 <head>
  <title>
</title>
<meta http-equiv="Content-Type" content="text/html;charset=utf-8" />
  <meta name='ocr-system' content='tesseract 3.04.00' />
  <meta name='ocr-capabilities' content='ocr_page ocr_carea ocr_par ocr_line ocrx_word'/>
</head>
<body>
  <div class='ocr_page' id='page_1' title='image "./p1epistulaerecog02ciceuoft_0075.png"; bbox 0 0 1732 2661; ppageno 0'>
   <div class='ocr_carea' id='block_1_1' title="bbox 111 1030 149 1052">
    <p class='ocr_par' dir='ltr' id='par_1_1' title="bbox 111 1030 149 1052">
     <span class='ocr_line' id='line_1_1' title="bbox 111 1030 149 1052; baseline 0.026 -1"><span class='ocrx_word' id='word_1_1' title='bbox 111 1030 149 1052; x_wconf 94' lang='lat'>10</span> 
     </span>
    </p>
   </div>
   <div class='ocr_carea' id='block_1_2' title="bbox 106 1683 146 1705">
    <p class='ocr_par' dir='ltr' id='par_1_2' title="bbox 106 1683 146 1705">
     <span class='ocr_line' id='line_1_2' title="bbox 106 1683 146 1705; baseline 0.025 -1"><span class='ocrx_word' id='word_1_2' title='bbox 106 1683 146 1705; x_wconf 87' lang='grc'>20</span> 
     </span>
    </p>
   </div>
   <div class='ocr_carea' id='block_1_3' title="bbox 593 203 1624 241">
    <p class='ocr_par' dir='ltr' id='par_1_3' title="bbox 593 203 1624 241">
     <span class='ocr_line' id='line_1_3' title="bbox 593 203 1624 241; baseline -0.002 0"><span class='ocrx_word' id='word_1_3' title='bbox 593 204 703 241; x_wconf 85' lang='grc' dir='ltr'><strong>ΕΡΡ.</strong></span> <span class='ocrx_word' id='word_1_4' title='bbox 737 204 813 240; x_wconf 84' lang='lat' dir='ltr'>AD</span> <span class='ocrx_word' id='word_1_5' title='bbox 845 203 1102 241; x_wconf 66' lang='lat' dir='ltr'><strong>ATTICVM</strong></span> <span class='ocrx_word' id='word_1_6' title='bbox 1508 203 1559 240; x_wconf 82' lang='grc' dir='ltr'>ΙΙ,</span> <span class='ocrx_word' id='word_1_7' title='bbox 1579 204 1624 239; x_wconf 91' lang='lat' dir='ltr'>vi</span> 
     </span>
    </p>
   </div>
   <div class='ocr_carea' id='block_1_4' title="bbox 173 313 1504 429">
    <p class='ocr_par' dir='ltr' id='par_1_4' title="bbox 173 313 1504 429">
     <span class='ocr_line' id='line_1_4' title="bbox 173 313 1504 363; baseline 0.001 -12"><span class='ocrx_word' id='word_1_8' title='bbox 173 322 299 352; x_wconf 87' lang='lat' dir='ltr'>statue</span> <span class='ocrx_word' id='word_1_9' title='bbox 314 314 408 363; x_wconf 82' lang='lat' dir='ltr'>quid</span> <span class='ocrx_word' id='word_1_10' title='bbox 424 314 647 352; x_wconf 85' lang='lat' dir='ltr'>faciendum</span> <span class='ocrx_word' id='word_1_11' title='bbox 671 314 728 351; x_wconf 87' lang='lat' dir='ltr'>sit.</span> <span class='ocrx_word' id='word_1_12' title='bbox 772 314 891 352; x_wconf 81' lang='lat' dir='ltr'>Aliud</span> <span class='ocrx_word' id='word_1_13' title='bbox 914 314 1039 363; x_wconf 82' lang='lat' dir='ltr'>quid?</span> <span class='ocrx_word' id='word_1_14' title='bbox 1086 313 1226 351; x_wconf 87' lang='lat' dir='ltr'>Etiam.</span> <span class='ocrx_word' id='word_1_15' title='bbox 1272 314 1446 362; x_wconf 80' lang='lat' dir='ltr'>Quando</span> <span class='ocrx_word' id='word_1_16' title='bbox 1467 321 1504 352; x_wconf 85' lang='lat' dir='ltr'>te</span> 
     </span>
     <span class='ocr_line' id='line_1_5' title="bbox 173 378 937 429; baseline 0 -13"><span class='ocrx_word' id='word_1_17' title='bbox 173 378 367 429; x_wconf 86' lang='lat' dir='ltr'>proficisci</span> <span class='ocrx_word' id='word_1_18' title='bbox 390 378 503 417; x_wconf 85' lang='lat' dir='ltr'>istinc</span> <span class='ocrx_word' id='word_1_19' title='bbox 525 387 638 428; x_wconf 86' lang='lat' dir='ltr'>putes</span> <span class='ocrx_word' id='word_1_20' title='bbox 660 380 720 416; x_wconf 86' lang='lat' dir='ltr'>sac</span> <span class='ocrx_word' id='word_1_21' title='bbox 742 386 783 416; x_wconf 89' lang='lat' dir='ltr'>ut</span> <span class='ocrx_word' id='word_1_22' title='bbox 806 378 937 417; x_wconf 87' lang='lat' dir='ltr'>sciam.</span> 
     </span>
    </p>
   </div>
   <div class='ocr_carea' id='block_1_5' title="bbox 214 509 1187 630">
    <p class='ocr_par' dir='ltr' id='par_1_5' title="bbox 214 509 1187 630">
     <span class='ocr_line' id='line_1_6' title="bbox 214 509 1187 552; baseline -0.001 -9"><span class='ocrx_word' id='word_1_23' title='bbox 214 509 304 543; x_wconf 87' lang='lat' dir='ltr'>VII</span> <span class='ocrx_word' id='word_1_24' title='bbox 492 511 563 543; x_wconf 78' lang='lat' dir='ltr'>Scr.</span> <span class='ocrx_word' id='word_1_25' title='bbox 582 512 670 542; x_wconf 70' lang='lat' dir='ltr'>Anti</span> <span class='ocrx_word' id='word_1_26' title='bbox 685 512 789 542; x_wconf 76' lang='lat' dir='ltr'>mcdio</span> <span class='ocrx_word' id='word_1_27' title='bbox 807 523 850 543; x_wconf 84' lang='lat' dir='ltr'>m.</span> <span class='ocrx_word' id='word_1_28' title='bbox 873 511 956 552; x_wconf 79' lang='lat' dir='ltr'>Apr.</span> <span class='ocrx_word' id='word_1_29' title='bbox 979 522 1008 542; x_wconf 84' lang='lat' dir='ltr'>a.</span> <span class='ocrx_word' id='word_1_30' title='bbox 1031 512 1089 552; x_wconf 73' lang='lat'>695</span> <span class='ocrx_word' id='word_1_31' title='bbox 1107 511 1187 552; x_wconf 78' lang='lat'>(59).</span> 
     </span>
     <span class='ocr_line' id='line_1_7' title="bbox 585 599 1096 630; baseline 0.002 -1"><span class='ocrx_word' id='word_1_32' title='bbox 585 599 761 630; x_wconf 78' lang='lat' dir='ltr'>CICERO</span> <span class='ocrx_word' id='word_1_33' title='bbox 796 599 966 630; x_wconf 82' lang='lat' dir='ltr'>ATTICO</span> <span class='ocrx_word' id='word_1_34' title='bbox 1001 599 1096 630; x_wconf 83' lang='lat' dir='ltr'>SAL.</span> 
     </span>
    </p>
   </div>
   <div class='ocr_carea' id='block_1_6' title="bbox 160 687 1545 2238">
    <p class='ocr_par' dir='ltr' id='par_1_6' title="bbox 168 687 1539 998">
     <span class='ocr_line' id='line_1_8' title="bbox 225 687 1539 738; baseline -0.001 -12"><span class='ocrx_word' id='word_1_35' title='bbox 225 691 286 727; x_wconf 91' lang='lat' dir='ltr'>De</span> <span class='ocrx_word' id='word_1_36' title='bbox 315 687 551 738; x_wconf 86' lang='lat' dir='ltr'>geographia</span> <span class='ocrx_word' id='word_1_37' title='bbox 585 687 702 726; x_wconf 89' lang='lat' dir='ltr'>etiam</span> <span class='ocrx_word' id='word_1_38' title='bbox 733 696 851 737; x_wconf 80' lang='lat' dir='ltr'>atque</span> <span class='ocrx_word' id='word_1_39' title='bbox 882 688 999 725; x_wconf 84' lang='lat' dir='ltr'>etiam</span> <span class='ocrx_word' id='word_1_40' title='bbox 1030 687 1349 726; x_wconf 76' lang='lat' dir='ltr'>deliberabimus.</span> <span class='ocrx_word' id='word_1_41' title='bbox 1410 688 1502 726; x_wconf 84' lang='lat' dir='ltr'>Ora·</span> <span class='ocrx_word' id='word_1_42' title='bbox 1523 700 1539 725; x_wconf 93' lang='lat'>1</span> 
     </span>
     <span class='ocr_line' id='line_1_9' title="bbox 170 754 1500 802; baseline -0.002 -10"><span class='ocrx_word' id='word_1_43' title='bbox 170 754 295 792; x_wconf 89' lang='lat' dir='ltr'>tiones</span> <span class='ocrx_word' id='word_1_44' title='bbox 330 761 461 791; x_wconf 89' lang='lat' dir='ltr'>autem</span> <span class='ocrx_word' id='word_1_45' title='bbox 496 766 519 790; x_wconf 90' lang='lat' dir='ltr'>a</span> <span class='ocrx_word' id='word_1_46' title='bbox 553 754 749 791; x_wconf 84' lang='lat' dir='ltr'>meduas</span> <span class='ocrx_word' id='word_1_47' title='bbox 784 754 985 802; x_wconf 69' lang='lat' dir='ltr'>postulasg</span> <span class='ocrx_word' id='word_1_48' title='bbox 1027 766 1192 802; x_wconf 83' lang='lat' dir='ltr'>quarum</span> <span class='ocrx_word' id='word_1_49' title='bbox 1225 755 1385 791; x_wconf 85' lang='lat' dir='ltr'>alteram</span> <span class='ocrx_word' id='word_1_50' title='bbox 1421 766 1500 791; x_wconf 90' lang='lat' dir='ltr'>non</span> 
     </span>
     <span class='ocr_line' id='line_1_10' title="bbox 169 817 1501 867; baseline -0.002 -10"><span class='ocrx_word' id='word_1_51' title='bbox 169 819 316 857; x_wconf 77' lang='lat' dir='ltr'>libebat</span> <span class='ocrx_word' id='word_1_52' title='bbox 346 818 442 855; x_wconf 81' lang='lat' dir='ltr'>mihi</span> <span class='ocrx_word' id='word_1_53' title='bbox 473 818 641 856; x_wconf 83' lang='lat' dir='ltr'>scribere</span> <span class='ocrx_word' id='word_1_54' title='bbox 663 817 754 867; x_wconf 83' lang='lat' dir='ltr'>†qui</span> <span class='ocrx_word' id='word_1_55' title='bbox 776 817 1007 865; x_wconf 62' lang='lat' dir='ltr'>absciram-t,</span> <span class='ocrx_word' id='word_1_56' title='bbox 1027 819 1202 864; x_wconf 71' lang='lat' dir='ltr'>alteram,</span> <span class='ocrx_word' id='word_1_57' title='bbox 1224 832 1273 856; x_wconf 86' lang='lat' dir='ltr'>ne</span> <span class='ocrx_word' id='word_1_58' title='bbox 1300 819 1501 856; x_wconf 89' lang='lat' dir='ltr'>laudarem</span> 
     </span>
     <span class='ocr_line' id='line_1_11' title="bbox 168 882 1503 933; baseline -0.001 -12"><span class='ocrx_word' id='word_1_59' title='bbox 168 897 258 922; x_wconf 83' lang='lat' dir='ltr'>eum</span> <span class='ocrx_word' id='word_1_60' title='bbox 284 897 402 933; x_wconf 86' lang='lat' dir='ltr'>quem</span> <span class='ocrx_word' id='word_1_61' title='bbox 424 896 505 921; x_wconf 91' lang='lat' dir='ltr'>non</span> <span class='ocrx_word' id='word_1_62' title='bbox 526 883 720 920; x_wconf 78' lang='lat' dir='ltr'>amabam.</span> <span class='ocrx_word' id='word_1_63' title='bbox 781 884 859 921; x_wconf 87' lang='lat' dir='ltr'>Sed</span> <span class='ocrx_word' id='word_1_64' title='bbox 887 882 927 921; x_wconf 93' lang='lat' dir='ltr'>id</span> <span class='ocrx_word' id='word_1_65' title='bbox 952 896 1112 932; x_wconf 84' lang='lat' dir='ltr'>quoque</span> <span class='ocrx_word' id='word_1_66' title='bbox 1132 882 1365 920; x_wconf 82' lang='lat' dir='ltr'>videbimus.</span> <span class='ocrx_word' id='word_1_67' title='bbox 1427 885 1503 920; x_wconf 87' lang='lat' dir='ltr'>De-</span> 
     </span>
     <span class='ocr_line' id='line_1_12' title="bbox 168 947 1384 998; baseline -0.001 -12"><span class='ocrx_word' id='word_1_68' title='bbox 168 948 288 998; x_wconf 87' lang='lat' dir='ltr'>nique</span> <span class='ocrx_word' id='word_1_69' title='bbox 308 948 457 997; x_wconf 83' lang='lat' dir='ltr'>aliquid</span> <span class='ocrx_word' id='word_1_70' title='bbox 478 947 655 994; x_wconf 79' lang='lat' dir='ltr'>exstabit,</span> <span class='ocrx_word' id='word_1_71' title='bbox 679 961 728 985; x_wconf 87' lang='lat' dir='ltr'>ne</span> <span class='ocrx_word' id='word_1_72' title='bbox 750 947 819 985; x_wconf 86' lang='lat' dir='ltr'>tibi</span> <span class='ocrx_word' id='word_1_73' title='bbox 842 949 957 997; x_wconf 87' lang='lat' dir='ltr'>plane</span> <span class='ocrx_word' id='word_1_74' title='bbox 979 961 1150 985; x_wconf 87' lang='lat' dir='ltr'>cessasse</span> <span class='ocrx_word' id='word_1_75' title='bbox 1171 947 1384 985; x_wconf 77' lang='lat' dir='ltr'>videamur.</span> 
     </span>
    </p>

    <p class='ocr_par' dir='ltr' id='par_1_7' title="bbox 160 1012 1545 2238">
     <span class='ocr_line' id='line_1_13' title="bbox 225 1012 1545 1062; baseline -0.003 -11"><span class='ocrx_word' id='word_1_76' title='bbox 225 1016 286 1052; x_wconf 91' lang='lat' dir='ltr'>De</span> <span class='ocrx_word' id='word_1_77' title='bbox 317 1013 459 1051; x_wconf 90' lang='lat' dir='ltr'>Publio</span> <span class='ocrx_word' id='word_1_78' title='bbox 489 1027 590 1062; x_wconf 86' lang='lat' dir='ltr'>quae</span> <span class='ocrx_word' id='word_1_79' title='bbox 616 1014 666 1051; x_wconf 89' lang='lat' dir='ltr'>ad</span> <span class='ocrx_word' id='word_1_80' title='bbox 693 1026 755 1051; x_wconf 89' lang='lat' dir='ltr'>me</span> <span class='ocrx_word' id='word_1_81' title='bbox 783 1012 918 1050; x_wconf 82' lang='lat' dir='ltr'>scribis</span> <span class='ocrx_word' id='word_1_82' title='bbox 944 1026 1038 1050; x_wconf 88' lang='lat' dir='ltr'>sane</span> <span class='ocrx_word' id='word_1_83' title='bbox 1069 1012 1164 1050; x_wconf 84' lang='lat' dir='ltr'>mihi</span> <span class='ocrx_word' id='word_1_84' title='bbox 1194 1012 1367 1051; x_wconf 87' lang='lat' dir='ltr'>iucunda</span> <span class='ocrx_word' id='word_1_85' title='bbox 1396 1020 1496 1057; x_wconf 87' lang='lat' dir='ltr'>sunt,</span> <span class='ocrx_word' id='word_1_86' title='bbox 1521 1020 1545 1047; x_wconf 88' lang='lat'><strong>2</strong></span> 
     </span>
     <span class='ocr_line' id='line_1_14' title="bbox 168 1077 1500 1128; baseline -0.002 -11"><span class='ocrx_word' id='word_1_87' title='bbox 168 1092 292 1128; x_wconf 85' lang='lat' dir='ltr'>eaque</span> <span class='ocrx_word' id='word_1_88' title='bbox 313 1078 430 1116; x_wconf 89' lang='lat' dir='ltr'>etiam</span> <span class='ocrx_word' id='word_1_89' title='bbox 452 1078 568 1116; x_wconf 87' lang='lat' dir='ltr'>velim</span> <span class='ocrx_word' id='word_1_90' title='bbox 591 1078 776 1116; x_wconf 90' lang='lat' dir='ltr'>omnibus</span> <span class='ocrx_word' id='word_1_91' title='bbox 799 1077 968 1128; x_wconf 83' lang='lat' dir='ltr'>vestigiis</span> <span class='ocrx_word' id='word_1_92' title='bbox 990 1077 1172 1127; x_wconf 85' lang='lat' dir='ltr'>indagata</span> <span class='ocrx_word' id='word_1_93' title='bbox 1192 1079 1243 1116; x_wconf 88' lang='lat' dir='ltr'>ad</span> <span class='ocrx_word' id='word_1_94' title='bbox 1265 1091 1327 1116; x_wconf 90' lang='lat' dir='ltr'>me</span> <span class='ocrx_word' id='word_1_95' title='bbox 1347 1079 1500 1116; x_wconf 88' lang='lat' dir='ltr'>adferas</span> 
     </span>
     <span class='ocr_line' id='line_1_15' title="bbox 167 1142 1500 1192; baseline -0.002 -10"><span class='ocrx_word' id='word_1_96' title='bbox 167 1157 258 1182; x_wconf 90' lang='lat' dir='ltr'>cum</span> <span class='ocrx_word' id='word_1_97' title='bbox 280 1143 424 1189; x_wconf 87' lang='lat' dir='ltr'>venies,</span> <span class='ocrx_word' id='word_1_98' title='bbox 449 1151 487 1181; x_wconf 88' lang='lat' dir='ltr'>et</span> <span class='ocrx_word' id='word_1_99' title='bbox 508 1143 655 1181; x_wconf 86' lang='lat' dir='ltr'>interea</span> <span class='ocrx_word' id='word_1_100' title='bbox 681 1143 826 1181; x_wconf 83' lang='lat' dir='ltr'>scribas</span> <span class='ocrx_word' id='word_1_101' title='bbox 848 1143 877 1180; x_wconf 91' lang='lat' dir='ltr'>si</span> <span class='ocrx_word' id='word_1_102' title='bbox 900 1143 996 1192; x_wconf 81' lang='lat' dir='ltr'>quid</span> <span class='ocrx_word' id='word_1_103' title='bbox 1022 1142 1223 1192; x_wconf 81' lang='lat' dir='ltr'>intelleges</span> <span class='ocrx_word' id='word_1_104' title='bbox 1244 1151 1310 1181; x_wconf 89' lang='lat' dir='ltr'>aut</span> <span class='ocrx_word' id='word_1_105' title='bbox 1332 1143 1500 1192; x_wconf 80' lang='lat' dir='ltr'>suspica-</span> 
     </span>
     <span class='ocr_line' id='line_1_16' title="bbox 168 1207 1499 1258; baseline -0.002 -11"><span class='ocrx_word' id='word_1_106' title='bbox 168 1211 272 1255; x_wconf 87' lang='lat' dir='ltr'>bere,</span> <span class='ocrx_word' id='word_1_107' title='bbox 303 1216 340 1246; x_wconf 89' lang='lat' dir='ltr'>et</span> <span class='ocrx_word' id='word_1_108' title='bbox 371 1208 540 1246; x_wconf 82' lang='lat' dir='ltr'>maxime</span> <span class='ocrx_word' id='word_1_109' title='bbox 570 1209 620 1246; x_wconf 89' lang='lat' dir='ltr'>de</span> <span class='ocrx_word' id='word_1_110' title='bbox 651 1208 845 1258; x_wconf 80' lang='lat' dir='ltr'>legatione</span> <span class='ocrx_word' id='word_1_111' title='bbox 875 1207 971 1258; x_wconf 84' lang='lat' dir='ltr'>quid</span> <span class='ocrx_word' id='word_1_112' title='bbox 999 1208 1046 1245; x_wconf 87' lang='lat' dir='ltr'>sit</span> <span class='ocrx_word' id='word_1_113' title='bbox 1073 1216 1240 1246; x_wconf 87' lang='lat' dir='ltr'>acturus.</span> <span class='ocrx_word' id='word_1_114' title='bbox 1302 1208 1499 1257; x_wconf 85' lang='lat' dir='ltr'>Equidem</span> 
     </span>
     <span class='ocr_line' id='line_1_17' title="bbox 166 1272 1498 1323; baseline -0.001 -12"><span class='ocrx_word' id='word_1_115' title='bbox 166 1282 257 1311; x_wconf 87' lang='lat' dir='ltr'>ante</span> <span class='ocrx_word' id='word_1_116' title='bbox 271 1287 389 1322; x_wconf 85' lang='lat' dir='ltr'>quarn</span> <span class='ocrx_word' id='word_1_117' title='bbox 406 1281 491 1311; x_wconf 89' lang='lat' dir='ltr'>tuas</span> <span class='ocrx_word' id='word_1_118' title='bbox 513 1273 587 1322; x_wconf 90' lang='lat' dir='ltr'>legi</span> <span class='ocrx_word' id='word_1_119' title='bbox 606 1272 760 1319; x_wconf 58' lang='lat' dir='ltr'>litteram,</span> <span class='ocrx_word' id='word_1_120' title='bbox 780 1272 870 1312; x_wconf 87' lang='lat' dir='ltr'>†in†</span> <span class='ocrx_word' id='word_1_121' title='bbox 892 1273 1095 1310; x_wconf 88' lang='lat' dir='ltr'>hominem</span> <span class='ocrx_word' id='word_1_122' title='bbox 1112 1273 1166 1311; x_wconf 89' lang='lat' dir='ltr'>ire</span> <span class='ocrx_word' id='word_1_123' title='bbox 1182 1273 1405 1323; x_wconf 76' lang='lat' dir='ltr'>cupiebam,</span> <span class='ocrx_word' id='word_1_124' title='bbox 1419 1287 1498 1311; x_wconf 89' lang='lat' dir='ltr'>non</span> 
     </span>
     <span class='ocr_line' id='line_1_18' title="bbox 168 1337 1498 1388; baseline -0.001 -12"><span class='ocrx_word' id='word_1_125' title='bbox 168 1352 230 1376; x_wconf 88' lang='lat' dir='ltr'>me</span> <span class='ocrx_word' id='word_1_126' title='bbox 248 1340 406 1376; x_wconf 88' lang='lat' dir='ltr'>hercule</span> <span class='ocrx_word' id='word_1_127' title='bbox 428 1346 469 1376; x_wconf 91' lang='lat' dir='ltr'>ut</span> <span class='ocrx_word' id='word_1_128' title='bbox 486 1338 680 1376; x_wconf 86' lang='lat' dir='ltr'>differrem</span> <span class='ocrx_word' id='word_1_129' title='bbox 704 1352 793 1376; x_wconf 91' lang='lat' dir='ltr'>cum</span> <span class='ocrx_word' id='word_1_130' title='bbox 811 1351 859 1376; x_wconf 89' lang='lat' dir='ltr'>eo</span> <span class='ocrx_word' id='word_1_131' title='bbox 880 1337 1151 1376; x_wconf 83' lang='lat' dir='ltr'>vadimonium</span> <span class='ocrx_word' id='word_1_132' title='bbox 1170 1338 1277 1388; x_wconf 79' lang='lat' dir='ltr'>(nam</span> <span class='ocrx_word' id='word_1_133' title='bbox 1296 1338 1391 1376; x_wconf 90' lang='lat' dir='ltr'>mira</span> <span class='ocrx_word' id='word_1_134' title='bbox 1412 1352 1498 1376; x_wconf 91' lang='lat' dir='ltr'>sum</span> 
     </span>
     <span class='ocr_line' id='line_1_19' title="bbox 167 1402 1500 1453; baseline 0 -11"><span class='ocrx_word' id='word_1_135' title='bbox 167 1404 365 1442; x_wconf 86' lang='lat' dir='ltr'>alacritate</span> <span class='ocrx_word' id='word_1_136' title='bbox 392 1404 443 1441; x_wconf 89' lang='lat' dir='ltr'>ad</span> <span class='ocrx_word' id='word_1_137' title='bbox 471 1402 732 1453; x_wconf 88' lang='lat' dir='ltr'>litigandum),</span> <span class='ocrx_word' id='word_1_138' title='bbox 758 1404 827 1441; x_wconf 85' lang='lat' dir='ltr'>sed</span> <span class='ocrx_word' id='word_1_139' title='bbox 855 1402 1061 1441; x_wconf 78' lang='lat' dir='ltr'>videbatur</span> <span class='ocrx_word' id='word_1_140' title='bbox 1086 1402 1192 1449; x_wconf 82' lang='lat' dir='ltr'>mihi,</span> <span class='ocrx_word' id='word_1_141' title='bbox 1217 1403 1247 1440; x_wconf 87' lang='lat' dir='ltr'>si</span> <span class='ocrx_word' id='word_1_142' title='bbox 1276 1403 1372 1453; x_wconf 85' lang='lat' dir='ltr'>quid</span> <span class='ocrx_word' id='word_1_143' title='bbox 1399 1412 1500 1442; x_wconf 84' lang='lat' dir='ltr'>esset</span> 
     </span>
     <span class='ocr_line' id='line_1_20' title="bbox 166 1467 1497 1518; baseline 0 -12"><span class='ocrx_word' id='word_1_144' title='bbox 166 1469 205 1506; x_wconf 90' lang='lat' dir='ltr'>in</span> <span class='ocrx_word' id='word_1_145' title='bbox 235 1483 273 1507; x_wconf 78' lang='lat' dir='ltr'>eo</span> <span class='ocrx_word' id='word_1_146' title='bbox 302 1470 490 1518; x_wconf 84' lang='lat' dir='ltr'>populare</span> <span class='ocrx_word' id='word_1_147' title='bbox 529 1469 638 1518; x_wconf 83' lang='lat' dir='ltr'>quod</span> <span class='ocrx_word' id='word_1_148' title='bbox 674 1468 852 1518; x_wconf 87' lang='lat' dir='ltr'>plebeius</span> <span class='ocrx_word' id='word_1_149' title='bbox 892 1469 1016 1506; x_wconf 88' lang='lat' dir='ltr'>factus</span> <span class='ocrx_word' id='word_1_150' title='bbox 1051 1476 1166 1515; x_wconf 72' lang='lat' dir='ltr'>esset,</span> <span class='ocrx_word' id='word_1_151' title='bbox 1201 1467 1241 1506; x_wconf 91' lang='lat' dir='ltr'>id</span> <span class='ocrx_word' id='word_1_152' title='bbox 1274 1468 1497 1506; x_wconf 86' lang='lat' dir='ltr'>amissurus.</span> 
     </span>
     <span class='ocr_line' id='line_1_21' title="bbox 165 1533 1499 1584; baseline 0 -12"><span class='ocrx_word' id='word_1_153' title='bbox 165 1538 173 1553; x_wconf 42' lang='grc' dir='ltr'><em>ί</em></span> <span class='ocrx_word' id='word_1_154' title='bbox 191 1534 299 1583; x_wconf 82' lang='lat' dir='ltr'>Quid</span> <span class='ocrx_word' id='word_1_155' title='bbox 329 1534 465 1572; x_wconf 87' lang='lat' dir='ltr'>enim?</span> <span class='ocrx_word' id='word_1_156' title='bbox 493 1535 544 1572; x_wconf 88' lang='lat' dir='ltr'>ad</span> <span class='ocrx_word' id='word_1_157' title='bbox 572 1534 730 1584; x_wconf 89' lang='lat' dir='ltr'>plebem</span> <span class='ocrx_word' id='word_1_158' title='bbox 757 1533 926 1571; x_wconf 87' lang='lat' dir='ltr'>transisti</span> <span class='ocrx_word' id='word_1_159' title='bbox 954 1542 995 1571; x_wconf 92' lang='lat' dir='ltr'>ut</span> <span class='ocrx_word' id='word_1_160' title='bbox 1023 1533 1233 1583; x_wconf 83' lang='lat' dir='ltr'>Tigranem</span> <span class='ocrx_word' id='word_1_161' title='bbox 1262 1533 1335 1572; x_wconf 88' lang='lat' dir='ltr'>ires</span> <span class='ocrx_word' id='word_1_162' title='bbox 1363 1536 1499 1572; x_wconf 88' lang='lat' dir='ltr'>saluta-</span> 
     </span>
     <span class='ocr_line' id='line_1_22' title="bbox 165 1598 1498 1649; baseline -0.001 -11"><span class='ocrx_word' id='word_1_163' title='bbox 165 1602 281 1639; x_wconf 89' lang='lat' dir='ltr'>tum?</span> <span class='ocrx_word' id='word_1_164' title='bbox 338 1602 462 1638; x_wconf 87' lang='lat' dir='ltr'>Narra</span> <span class='ocrx_word' id='word_1_165' title='bbox 491 1599 598 1646; x_wconf 85' lang='lat' dir='ltr'>mihi,</span> <span class='ocrx_word' id='word_1_166' title='bbox 623 1613 731 1649; x_wconf 89' lang='lat' dir='ltr'>reges</span> <span class='ocrx_word' id='word_1_167' title='bbox 762 1599 939 1637; x_wconf 83' lang='lat' dir='ltr'>Armenii</span> <span class='ocrx_word' id='word_1_168' title='bbox 965 1598 1148 1649; x_wconf 85' lang='lat' dir='ltr'>patricios</span> <span class='ocrx_word' id='word_1_169' title='bbox 1180 1601 1388 1637; x_wconf 88' lang='lat' dir='ltr'>resalutare</span> <span class='ocrx_word' id='word_1_170' title='bbox 1417 1613 1498 1637; x_wconf 88' lang='lat' dir='ltr'>non</span> 
     </span>
     <span class='ocr_line' id='line_1_23' title="bbox 165 1664 1498 1714; baseline -0.002 -10"><span class='ocrx_word' id='word_1_171' title='bbox 165 1667 291 1704; x_wconf 85' lang='lat' dir='ltr'>solent</span> <span class='ocrx_word' id='word_1_172' title='bbox 309 1667 347 1703; x_wconf 86' lang='lat'>?&#39;</span> <span class='ocrx_word' id='word_1_173' title='bbox 407 1664 515 1714; x_wconf 87' lang='lat' dir='ltr'>Quid</span> <span class='ocrx_word' id='word_1_174' title='bbox 537 1664 720 1714; x_wconf 83' lang='lat' dir='ltr'>quaeris?</span> <span class='ocrx_word' id='word_1_175' title='bbox 749 1678 930 1702; x_wconf 86' lang='lat' dir='ltr'>acueram</span> <span class='ocrx_word' id='word_1_176' title='bbox 953 1678 1009 1701; x_wconf 83' lang='lat' dir='ltr'>me</span> <span class='ocrx_word' id='word_1_177' title='bbox 1029 1665 1079 1702; x_wconf 90' lang='lat' dir='ltr'>ad</span> <span class='ocrx_word' id='word_1_178' title='bbox 1101 1664 1374 1714; x_wconf 79' lang='lat' dir='ltr'>exagitandam</span> <span class='ocrx_word' id='word_1_179' title='bbox 1395 1666 1498 1702; x_wconf 89' lang='lat' dir='ltr'>hanc</span> 
     </span>
     <span class='ocr_line' id='line_1_24' title="bbox 164 1729 1494 1781; baseline -0.002 -12"><span class='ocrx_word' id='word_1_180' title='bbox 164 1731 247 1769; x_wconf 87' lang='lat' dir='ltr'>eius</span> <span class='ocrx_word' id='word_1_181' title='bbox 268 1730 515 1781; x_wconf 83' lang='lat' dir='ltr'>legationem.</span> <span class='ocrx_word' id='word_1_182' title='bbox 578 1731 709 1779; x_wconf 91' lang='lat' dir='ltr'>Quam</span> <span class='ocrx_word' id='word_1_183' title='bbox 736 1729 767 1767; x_wconf 89' lang='lat' dir='ltr'>si</span> <span class='ocrx_word' id='word_1_184' title='bbox 794 1729 857 1767; x_wconf 88' lang='lat' dir='ltr'>ille</span> <span class='ocrx_word' id='word_1_185' title='bbox 884 1729 1112 1775; x_wconf 87' lang='lat' dir='ltr'>contemnit,</span> <span class='ocrx_word' id='word_1_186' title='bbox 1144 1737 1181 1767; x_wconf 87' lang='lat' dir='ltr'>et</span> <span class='ocrx_word' id='word_1_187' title='bbox 1211 1729 1255 1777; x_wconf 73' lang='lat' dir='ltr'>si,</span> <span class='ocrx_word' id='word_1_188' title='bbox 1277 1737 1318 1767; x_wconf 90' lang='lat' dir='ltr'>ut</span> <span class='ocrx_word' id='word_1_189' title='bbox 1347 1729 1494 1776; x_wconf 88' lang='lat' dir='ltr'>scribis,</span> 
     </span>
     <span class='ocr_line' id='line_1_25' title="bbox 166 1794 1492 1844; baseline -0.002 -10"><span class='ocrx_word' id='word_1_190' title='bbox 166 1796 284 1835; x_wconf 90' lang='lat' dir='ltr'>bilem</span> <span class='ocrx_word' id='word_1_191' title='bbox 306 1796 346 1834; x_wconf 91' lang='lat' dir='ltr'>id</span> <span class='ocrx_word' id='word_1_192' title='bbox 368 1804 593 1834; x_wconf 83' lang='lat' dir='ltr'>commovet</span> <span class='ocrx_word' id='word_1_193' title='bbox 617 1803 653 1834; x_wconf 91' lang='lat' dir='ltr'>et</span> <span class='ocrx_word' id='word_1_194' title='bbox 676 1795 864 1833; x_wconf 86' lang='lat' dir='ltr'>latoribus</span> <span class='ocrx_word' id='word_1_195' title='bbox 886 1802 924 1832; x_wconf 91' lang='lat' dir='ltr'>et</span> <span class='ocrx_word' id='word_1_196' title='bbox 945 1794 1170 1844; x_wconf 85' lang='lat' dir='ltr'>auspicibus</span> <span class='ocrx_word' id='word_1_197' title='bbox 1197 1794 1291 1844; x_wconf 89' lang='lat' dir='ltr'>legis</span> <span class='ocrx_word' id='word_1_198' title='bbox 1313 1794 1492 1842; x_wconf 85' lang='lat' dir='ltr'>curiatae,</span> 
     </span>
     <span class='ocr_line' id='line_1_26' title="bbox 164 1861 1539 1912; baseline -0.002 -11"><span class='ocrx_word' id='word_1_199' title='bbox 164 1864 432 1912; x_wconf 87' lang='lat' dir='ltr'>spectaculum</span> <span class='ocrx_word' id='word_1_200' title='bbox 465 1861 673 1912; x_wconf 89' lang='lat' dir='ltr'>egregium.</span> <span class='ocrx_word' id='word_1_201' title='bbox 738 1862 912 1898; x_wconf 89' lang='lat' dir='ltr'>Hercule</span> <span class='ocrx_word' id='word_1_202' title='bbox 933 1874 1067 1898; x_wconf 77' lang='lat' dir='ltr'>verum</span> <span class='ocrx_word' id='word_1_203' title='bbox 1095 1868 1137 1898; x_wconf 89' lang='lat' dir='ltr'>ut</span> <span class='ocrx_word' id='word_1_204' title='bbox 1166 1861 1384 1910; x_wconf 84' lang='lat' dir='ltr'>loquamur,</span> <span class='ocrx_word' id='word_1_205' title='bbox 1408 1861 1495 1898; x_wconf 85' lang='lat' dir='ltr'>sub·</span> <span class='ocrx_word' id='word_1_206' title='bbox 1515 1867 1539 1903; x_wconf 87' lang='lat'><strong>3</strong></span> 
     </span>
     <span class='ocr_line' id='line_1_27' title="bbox 163 1925 1492 1975; baseline -0.002 -10"><span class='ocrx_word' id='word_1_207' title='bbox 163 1927 448 1965; x_wconf 87' lang='lat' dir='ltr'>contumeliose</span> <span class='ocrx_word' id='word_1_208' title='bbox 489 1934 673 1965; x_wconf 88' lang='lat' dir='ltr'>tractatur</span> <span class='ocrx_word' id='word_1_209' title='bbox 713 1934 844 1964; x_wconf 82' lang='lat' dir='ltr'>noster</span> <span class='ocrx_word' id='word_1_210' title='bbox 880 1925 1055 1972; x_wconf 75' lang='lat' dir='ltr'>Publius,</span> <span class='ocrx_word' id='word_1_211' title='bbox 1089 1925 1258 1975; x_wconf 88' lang='lat' dir='ltr'>primum</span> <span class='ocrx_word' id='word_1_212' title='bbox 1289 1925 1369 1975; x_wconf 77' lang='lat' dir='ltr'>qui,</span> <span class='ocrx_word' id='word_1_213' title='bbox 1403 1939 1492 1963; x_wconf 90' lang='lat' dir='ltr'>cum</span> 
     </span>
     <span class='ocr_line' id='line_1_28' title="bbox 163 1990 1493 2042; baseline -0.003 -11"><span class='ocrx_word' id='word_1_214' title='bbox 163 1993 271 2031; x_wconf 88' lang='lat' dir='ltr'>dorni</span> <span class='ocrx_word' id='word_1_215' title='bbox 303 1992 480 2032; x_wconf 85' lang='lat' dir='ltr'>Caesaris</span> <span class='ocrx_word' id='word_1_216' title='bbox 509 1993 712 2042; x_wconf 83' lang='lat' dir='ltr'>quondam</span> <span class='ocrx_word' id='word_1_217' title='bbox 739 2004 840 2028; x_wconf 88' lang='lat' dir='ltr'>unus</span> <span class='ocrx_word' id='word_1_218' title='bbox 865 1990 920 2027; x_wconf 76' lang='lat' dir='ltr'>vir</span> <span class='ocrx_word' id='word_1_219' title='bbox 944 1990 1065 2036; x_wconf 83' lang='lat' dir='ltr'>suerit,</span> <span class='ocrx_word' id='word_1_220' title='bbox 1090 2003 1195 2028; x_wconf 89' lang='lat' dir='ltr'>nunc</span> <span class='ocrx_word' id='word_1_221' title='bbox 1220 2004 1270 2028; x_wconf 87' lang='lat' dir='ltr'>ne</span> <span class='ocrx_word' id='word_1_222' title='bbox 1299 1990 1338 2027; x_wconf 88' lang='lat' dir='ltr'>in</span> <span class='ocrx_word' id='word_1_223' title='bbox 1360 1990 1493 2040; x_wconf 84' lang='lat' dir='ltr'>viginti</span> 
     </span>
     <span class='ocr_line' id='line_1_29' title="bbox 163 2055 1494 2109; baseline -0.003 -12"><span class='ocrx_word' id='word_1_224' title='bbox 163 2059 323 2109; x_wconf 84' lang='lat' dir='ltr'>quidem</span> <span class='ocrx_word' id='word_1_225' title='bbox 357 2072 442 2097; x_wconf 90' lang='lat' dir='ltr'>esse</span> <span class='ocrx_word' id='word_1_226' title='bbox 475 2057 670 2108; x_wconf 78' lang='lat' dir='ltr'>potuerit:</span> <span class='ocrx_word' id='word_1_227' title='bbox 711 2056 857 2094; x_wconf 87' lang='lat' dir='ltr'>deinde</span> <span class='ocrx_word' id='word_1_228' title='bbox 886 2056 961 2093; x_wconf 86' lang='lat' dir='ltr'>alia</span> <span class='ocrx_word' id='word_1_229' title='bbox 992 2055 1132 2105; x_wconf 83' lang='lat' dir='ltr'>legatio</span> <span class='ocrx_word' id='word_1_230' title='bbox 1162 2055 1268 2094; x_wconf 87' lang='lat' dir='ltr'>dicta</span> <span class='ocrx_word' id='word_1_231' title='bbox 1297 2063 1390 2097; x_wconf 73' lang='lat' dir='ltr'>erat,</span> <span class='ocrx_word' id='word_1_232' title='bbox 1419 2055 1494 2093; x_wconf 87' lang='lat' dir='ltr'>alia</span> 
     </span>
     <span class='ocr_line' id='line_1_30' title="bbox 161 2120 1492 2173; baseline -0.004 -11"><span class='ocrx_word' id='word_1_233' title='bbox 161 2125 252 2162; x_wconf 86' lang='lat' dir='ltr'>data</span> <span class='ocrx_word' id='word_1_234' title='bbox 291 2132 358 2162; x_wconf 87' lang='lat' dir='ltr'>est.</span> <span class='ocrx_word' id='word_1_235' title='bbox 421 2125 493 2162; x_wconf 92' lang='lat' dir='ltr'>Illa</span> <span class='ocrx_word' id='word_1_236' title='bbox 533 2123 666 2173; x_wconf 88' lang='lat' dir='ltr'>opima</span> <span class='ocrx_word' id='word_1_237' title='bbox 704 2124 755 2160; x_wconf 87' lang='lat' dir='ltr'>ad</span> <span class='ocrx_word' id='word_1_238' title='bbox 795 2121 1004 2171; x_wconf 78' lang='lat' dir='ltr'>exigendas</span> <span class='ocrx_word' id='word_1_239' title='bbox 1045 2120 1231 2170; x_wconf 88' lang='lat' dir='ltr'>pecunias</span> <span class='ocrx_word' id='word_1_240' title='bbox 1274 2122 1416 2167; x_wconf 79' lang='lat' dir='ltr'>Druso,</span> <span class='ocrx_word' id='word_1_241' title='bbox 1451 2129 1492 2158; x_wconf 88' lang='lat' dir='ltr'>ut</span> 
     </span>
     <span class='ocr_line' id='line_1_31' title="bbox 160 2186 1492 2238; baseline -0.002 -12"><span class='ocrx_word' id='word_1_242' title='bbox 160 2189 312 2238; x_wconf 73' lang='lat' dir='ltr'>opinor,</span> <span class='ocrx_word' id='word_1_243' title='bbox 353 2188 574 2227; x_wconf 88' lang='lat' dir='ltr'>Pisaurensi</span> <span class='ocrx_word' id='word_1_244' title='bbox 617 2202 666 2226; x_wconf 88' lang='lat' dir='ltr'>an</span> <span class='ocrx_word' id='word_1_245' title='bbox 713 2187 872 2237; x_wconf 88' lang='lat' dir='ltr'>epuloni</span> <span class='ocrx_word' id='word_1_246' title='bbox 911 2186 1071 2224; x_wconf 82' lang='lat' dir='ltr'>Vatinio</span> <span class='ocrx_word' id='word_1_247' title='bbox 1109 2194 1348 2233; x_wconf 51' lang='lat' dir='ltr'>reservatum</span> <span class='ocrx_word' id='word_1_248' title='bbox 1395 2187 1492 2223; x_wconf 90' lang='lat' dir='ltr'>haec</span> 
     </span>
    </p>
   </div>
   <div class='ocr_carea' id='block_1_7' title="bbox 159 2291 1490 2505">
    <p class='ocr_par' dir='ltr' id='par_1_8' title="bbox 159 2291 1490 2505">
     <span class='ocr_line' id='line_1_32' title="bbox 203 2291 1490 2331; baseline -0.001 -9"><span class='ocrx_word' id='word_1_249' title='bbox 203 2293 223 2322; x_wconf 88' lang='lat'><strong>6</strong></span> <span class='ocrx_word' id='word_1_250' title='bbox 247 2304 264 2322; x_wconf 85' lang='lat' dir='ltr'>a</span> <span class='ocrx_word' id='word_1_251' title='bbox 285 2292 368 2323; x_wconf 64' lang='lat' dir='ltr'>Cra‘.</span> <span class='ocrx_word' id='word_1_252' title='bbox 389 2304 395 2324; x_wconf 69' lang='grc' dir='ltr'><strong>ς</strong></span> <span class='ocrx_word' id='word_1_253' title='bbox 430 2304 495 2322; x_wconf 67' lang='grc' dir='ltr'>οηιΔ</span> <span class='ocrx_word' id='word_1_254' title='bbox 527 2292 567 2322; x_wconf 88' lang='grc' dir='ltr'><em>Μ</em></span> <span class='ocrx_word' id='word_1_255' title='bbox 724 2303 739 2330; x_wconf 89' lang='lat'><strong>7</strong></span> <span class='ocrx_word' id='word_1_256' title='bbox 764 2292 841 2331; x_wconf 81' lang='lat' dir='ltr'>quia</span> <span class='ocrx_word' id='word_1_257' title='bbox 867 2292 1075 2322; x_wconf 82' lang='lat' dir='ltr'>abscideram</span> <span class='ocrx_word' id='word_1_258' title='bbox 1101 2291 1214 2331; x_wconf 71' lang='lat' dir='ltr'>vulg:</span> <span class='ocrx_word' id='word_1_259' title='bbox 1247 2291 1324 2330; x_wconf 86' lang='lat' dir='ltr'>quia</span> <span class='ocrx_word' id='word_1_260' title='bbox 1349 2291 1490 2321; x_wconf 86' lang='lat' dir='ltr'>obscura</span> 
     </span>
     <span class='ocr_line' id='line_1_33' title="bbox 159 2335 1488 2376; baseline 0 -12"><span class='ocrx_word' id='word_1_261' title='bbox 159 2340 231 2365; x_wconf 78' lang='lat' dir='ltr'>erat</span> <span class='ocrx_word' id='word_1_262' title='bbox 258 2335 414 2376; x_wconf 75' lang='lat' dir='ltr'>Madvig:</span> <span class='ocrx_word' id='word_1_263' title='bbox 464 2336 539 2375; x_wconf 80' lang='lat' dir='ltr'>quia</span> <span class='ocrx_word' id='word_1_264' title='bbox 566 2346 584 2366; x_wconf 88' lang='lat' dir='ltr'>a</span> <span class='ocrx_word' id='word_1_265' title='bbox 614 2345 667 2365; x_wconf 85' lang='lat' dir='ltr'>me</span> <span class='ocrx_word' id='word_1_266' title='bbox 695 2336 879 2366; x_wconf 82' lang='lat' dir='ltr'>descieram</span> <span class='ocrx_word' id='word_1_267' title='bbox 909 2337 988 2366; x_wconf 74' lang='lat' dir='ltr'>coni.</span> <span class='ocrx_word' id='word_1_268' title='bbox 1024 2335 1162 2375; x_wconf 51' lang='lat' dir='ltr'>{vm-cll:</span> <span class='ocrx_word' id='word_1_269' title='bbox 1201 2335 1279 2373; x_wconf 89' lang='lat' dir='ltr'>quia</span> <span class='ocrx_word' id='word_1_270' title='bbox 1311 2335 1488 2364; x_wconf 83' lang='lat' dir='ltr'>oscitaram</span> 
     </span>
     <span class='ocr_line' id='line_1_34' title="bbox 162 2378 1488 2419; baseline 0 -11"><span class='ocrx_word' id='word_1_271' title='bbox 162 2379 286 2409; x_wconf 78' lang='lat' dir='ltr'>Gurlt&#39;lt</span> <span class='ocrx_word' id='word_1_272' title='bbox 397 2391 435 2419; x_wconf 80' lang='lat'>14</span> <span class='ocrx_word' id='word_1_273' title='bbox 461 2381 492 2410; x_wconf 85' lang='lat' dir='ltr'>in</span> <span class='ocrx_word' id='word_1_274' title='bbox 512 2380 569 2410; x_wconf 80' lang='lat' dir='ltr'>del.</span> <span class='ocrx_word' id='word_1_275' title='bbox 589 2379 730 2410; x_wconf 57' lang='lat' dir='ltr'>Lama:</span> <span class='ocrx_word' id='word_1_276' title='bbox 756 2380 845 2409; x_wconf 90' lang='lat' dir='ltr'>istim</span> <span class='ocrx_word' id='word_1_277' title='bbox 864 2378 1042 2409; x_wconf 65' lang='lat' dir='ltr'>Graevius:</span> <span class='ocrx_word' id='word_1_278' title='bbox 1069 2389 1151 2409; x_wconf 82' lang='lat' dir='ltr'>sane</span> <span class='ocrx_word' id='word_1_279' title='bbox 1168 2378 1318 2417; x_wconf 69' lang='lat' dir='ltr'>Kayser:</span> <span class='ocrx_word' id='word_1_280' title='bbox 1347 2379 1380 2408; x_wconf 91' lang='lat' dir='ltr'>in</span> <span class='ocrx_word' id='word_1_281' title='bbox 1399 2378 1488 2416; x_wconf 65' lang='lat' dir='ltr'>lega&lt;</span> 
     </span>
     <span class='ocr_line' id='line_1_35' title="bbox 159 2422 1487 2462; baseline 0 -11"><span class='ocrx_word' id='word_1_282' title='bbox 159 2422 285 2452; x_wconf 87' lang='lat' dir='ltr'>tionem</span> <span class='ocrx_word' id='word_1_283' title='bbox 305 2422 427 2453; x_wconf 72' lang='lat' dir='ltr'>Miiller</span> <span class='ocrx_word' id='word_1_284' title='bbox 517 2432 553 2461; x_wconf 89' lang='lat'>17</span> <span class='ocrx_word' id='word_1_285' title='bbox 579 2433 618 2452; x_wconf 84' lang='lat' dir='ltr'>eo</span> <span class='ocrx_word' id='word_1_286' title='bbox 636 2422 712 2452; x_wconf 79' lang='lat' dir='ltr'>add.</span> <span class='ocrx_word' id='word_1_287' title='bbox 733 2423 821 2462; x_wconf 77' lang='lat' dir='ltr'>vulg.</span> <span class='ocrx_word' id='word_1_288' title='bbox 927 2432 963 2461; x_wconf 89' lang='lat'>19</span> <span class='ocrx_word' id='word_1_289' title='bbox 989 2423 1174 2453; x_wconf 82' lang='lat' dir='ltr'>resalutare</span> <span class='ocrx_word' id='word_1_290' title='bbox 1193 2422 1246 2454; x_wconf 68' lang='grc' dir='ltr'>ΕΣ</span> <span class='ocrx_word' id='word_1_291' title='bbox 1263 2434 1269 2452; x_wconf 90' lang='lat'>:</span> <span class='ocrx_word' id='word_1_292' title='bbox 1293 2423 1442 2452; x_wconf 81' lang='lat' dir='ltr'>salutare</span> <span class='ocrx_word' id='word_1_293' title='bbox 1460 2427 1487 2451; x_wconf 90' lang='grc' dir='ltr'>Δ</span> 
     </span>
     <span class='ocr_line' id='line_1_36' title="bbox 159 2465 1066 2505; baseline -0.001 -9"><span class='ocrx_word' id='word_1_294' title='bbox 159 2476 200 2496; x_wconf 86' lang='lat'>20</span> <span class='ocrx_word' id='word_1_295' title='bbox 225 2476 276 2496; x_wconf 88' lang='lat' dir='ltr'>me</span> <span class='ocrx_word' id='word_1_296' title='bbox 294 2465 369 2496; x_wconf 85' lang='lat' dir='ltr'>add.</span> <span class='ocrx_word' id='word_1_297' title='bbox 390 2466 476 2505; x_wconf 78' lang='lat' dir='ltr'>vulg.</span> <span class='ocrx_word' id='word_1_298' title='bbox 612 2475 652 2504; x_wconf 87' lang='lat'>25</span> <span class='ocrx_word' id='word_1_299' title='bbox 679 2466 767 2496; x_wconf 87' lang='lat' dir='ltr'>domi</span> <span class='ocrx_word' id='word_1_300' title='bbox 788 2466 830 2497; x_wconf 85' lang='lat' dir='ltr'>C:</span> <span class='ocrx_word' id='word_1_301' title='bbox 857 2467 891 2496; x_wconf 90' lang='lat' dir='ltr'>in</span> <span class='ocrx_word' id='word_1_302' title='bbox 909 2467 1008 2496; x_wconf 90' lang='lat' dir='ltr'>domo</span> <span class='ocrx_word' id='word_1_303' title='bbox 1027 2465 1066 2495; x_wconf 90' lang='lat' dir='ltr'><em>M</em></span> 
     </span>
    </p>
   </div>
  </div>
 </body>
</html>
