1732 2661
707 147 1030 186 PRAEFATIO

204 254 340 293 habuit
368 254 492 303 (nulla
517 254 619 293 enim
647 268 693 294 ex
713 269 801 306 epp.
822 257 873 295 ad
896 257 946 305 Q.
968 257 1029 294 Fr.
1052 268 1182 306 neque
1202 256 1253 294 ad
1277 257 1382 294 Brut.
1404 269 1534 306 neque

202 321 252 358 ad
293 319 554 358 Octavianum
595 322 712 359 lectio
757 321 947 374 adfertur)
984 322 1055 360 sed
1094 335 1158 359 eas
1198 321 1366 370 integras
1405 335 1534 370 neque

203 384 336 423 hiabat
364 384 403 423 in
431 385 454 422 i.
488 387 614 435 18—19
643 400 772 436 neque
802 388 852 425 ad
884 388 1003 425 finem
1033 386 1120 425 libri
1149 387 1221 424 xvi.
1283 385 1533 433 Quibusdam

202 449 297 488 locis
318 463 408 487 cum
431 451 485 488 W
496 451 694 489 consentit
707 452 729 498 ¹,
749 453 820 490 sed
840 453 956 500 longe
976 451 1153 500 plurimis
1174 464 1264 489 cum
1285 452 1321 489 C
1338 460 1403 488 aut
1426 453 1533 489 Crat.

204 516 264 552 vel
294 514 483 553 veriorem
514 517 574 553 vel
608 515 825 565 pleniorem
854 517 1067 555 lectionem
1095 516 1216 555 habet
1240 529 1363 565 quam
1388 516 1535 553 familia

204 581 363 618 Italica:
394 581 441 617 cf.
469 581 560 618 adn.
588 581 640 619 ad
668 580 705 618 ii.
739 595 796 630 19.
827 595 875 629 23
906 593 965 631 25.
999 595 1044 628 13
1074 594 1107 618 v.
1134 583 1190 618 18.
1220 595 1263 628 13
1297 595 1354 618 20.
1386 595 1458 628 103
1487 580 1533 618 ix.

207 656 329 694 15.4;
357 644 419 683 xii.
441 659 500 682 22.
519 660 562 695 33
591 658 652 696 35.
676 660 721 694 23
746 646 821 684 xiii.
844 659 965 696 10.3:
992 659 1054 693 42.
1076 659 1122 693 1;
1148 658 1211 695 45.
1232 660 1278 695 33
1306 649 1435 695 46.3;
1463 657 1534 694 473

203 722 262 759 52.
293 724 335 757 13
365 710 437 748 xiv.
464 724 521 760 13.
546 725 595 758 43
627 725 687 748 20.
711 723 759 762 53
788 712 861 749 xvi.
888 726 918 749 1.
946 725 990 759 13
1020 724 1054 760 3.
1079 713 1125 759 63
1156 713 1190 749 8.
1219 712 1275 748 1².

257 776 397 825 Itaque
426 777 660 815 Lehmanno
688 785 730 815 ut
757 776 955 815 adsentiar
982 777 1160 815 adducor
1186 778 1416 826 ponendum
1449 791 1534 815 esse

201 843 235 879 Z
252 842 351 880 inter
372 843 531 880 codices
553 843 725 881 Gallicos
746 857 838 881 cum
860 845 914 881 IV
932 844 968 881 C
987 843 1096 881 Crat.
1115 850 1154 880 et
1173 842 1305 892 magni
1326 843 1535 881 aestiman-

202 908 308 945 dum.
369 908 447 945 Sed
470 908 519 947 O.
538 909 582 945 E.
605 908 796 955 Schmidt,
821 908 876 945 vir
896 906 1155 954 acutissimus,
1178 920 1270 945 cum
1290 908 1534 958 plenioribus

201 971 436 1010 lectionibus
468 972 639 1023 exceptis
670 974 979 1023 corruptelarum
1006 985 1109 1022 quae
1137 971 1178 1010 in
1204 977 1238 1010 Ω
1265 981 1416 1012 scatent
1443 988 1535 1025 pau—

201 1050 265 1074 cas
299 1038 334 1074 Z
365 1051 501 1075 sanare
541 1052 657 1087 posse
696 1038 886 1077 invenerit
924 1046 963 1077 et
1001 1038 1198 1088 pleniores
1237 1039 1426 1077 lectiones
1459 1040 1534 1078 nisi

201 1116 355 1152 perraro
383 1103 437 1140 nil
465 1103 538 1141 nisi
566 1104 887 1154 interpolationes
914 1117 1001 1143 esse
1027 1103 1267 1151 iudicaverit,
1290 1104 1399 1155 parvi
1424 1106 1535 1144 aesti-

201 1175 280 1205 mat
309 1175 347 1205 et
377 1168 427 1206 ab
455 1171 486 1205 Ω
514 1169 675 1218 propius
703 1170 841 1207 abesse
870 1182 990 1218 quam
1018 1182 1042 1207 a
1067 1173 1101 1207 Y
1122 1169 1231 1220 (vide
1258 1170 1443 1222 stemma)
1470 1173 1535 1209 ad-

200 1235 338 1273 firmat.
394 1237 536 1273 Vtrum
559 1237 593 1273 Z
614 1235 749 1274 fuisset
775 1237 903 1274 codex
931 1235 1199 1285 Epistularum
1222 1238 1274 1275 ad
1294 1238 1472 1275 Atticum
1494 1237 1533 1275 in

200 1299 439 1339 monasterio
467 1300 720 1340 Cluniacensi
747 1300 787 1338 in
816 1302 973 1339 saeculo
999 1301 1238 1340 duodecimo
1264 1304 1467 1352 repositus,
1492 1312 1533 1341 ut

200 1373 309 1415 putat
343 1366 525 1413 Gurlitt³,
560 1380 687 1405 necne
721 1365 894 1405 iudicare
925 1380 1007 1405 non
1038 1381 1228 1418 possum3
1266 1367 1433 1406 viderint
1467 1370 1533 1407 do·

199 1432 362 1471 ctiores:
394 1434 440 1470 cf.
465 1433 512 1472 O.
536 1434 580 1470 E.
603 1432 783 1471 Schmidt
803 1440 858 1482 op.
881 1434 939 1471 cit.
961 1447 1023 1484 pp.
1052 1445 1246 1483 711—712.

254 1499 316 1537 De
350 1497 496 1536 familia
528 1499 665 1537 Italica
696 1497 766 1550 (Ω)
796 1498 956 1537 codices
990 1499 1097 1549 ipsos
1132 1501 1349 1540 habemus:
1391 1501 1459 1551 qui
1494 1500 1531 1539 in

198 1563 295 1600 duas
321 1563 532 1614 praecipue
560 1564 679 1614 partis
705 1565 866 1612 cadunt,
889 1577 987 1614 quas
1008 1566 1059 1603 de
1079 1565 1238 1604 duobus
1259 1567 1433 1604 fontibus
1456 1566 1532 1604 iam

197 1628 411 1678 deperditis
438 1627 486 1680 (Σ
508 1636 546 1667 et
567 1630 620 1680 Δ)
647 1630 837 1668 deductas
864 1630 1121 1669 Lehmannus
1149 1638 1238 1681 post
1265 1631 1531 1670 conlationem

198 1695 538 1745 diligentissimam
577 1696 771 1735 subtiliter
809 1705 1073 1747 perscrutatus
1108 1697 1147 1735 in
1183 1712 1297 1736 suurn
1333 1712 1532 1748 quamque

198 1761 329 1798 locum
346 1762 560 1811 prudenter
574 1761 782 1811 disposuit.
831 1763 889 1800 Ex
907 1764 936 1803 Σ
954 1771 1043 1800 sunt
1062 1764 1221 1801 deducti
1240 1763 1279 1801 hi
1295 1764 1453 1802 codices
1470 1780 1533 1803 :-—-

198 1850 235 1883 E
252 1865 285 1876 =
304 1851 488 1894 Excerpta
512 1849 761 1884 Ambrosiana
780 1850 818 1884 E
843 1859 883 1893 14
907 1851 1016 1885 saecl.
1035 1850 1094 1884 xiv
1119 1852 1179 1896 qui
1204 1852 1319 1887 codex
1343 1852 1437 1888 inter
1459 1853 1533 1888 alia

357 1907 547 1942 Ciceronis
575 1919 685 1952 opera
710 1907 888 1952 epistulas
916 1910 1048 1942 multas
1073 1910 1121 1943 ad
1147 1911 1189 1954 Q.
1217 1911 1288 1954 Fr„
1313 1911 1402 1954 Att.‚
1430 1913 1531 1946 Brut.

358 1966 524 2010 scriptas,
562 1966 597 1999 in
633 1966 807 2000 undecim
841 1966 953 2000 libros
988 1967 1089 2001 nullo
1125 1975 1224 2002 certo
1262 1968 1419 2003 consilio
1457 1970 1532 2004 dis-

356 2024 512 2058 tributas
537 2024 711 2058 continet.
764 2024 931 2058 Pluribus
956 2025 1046 2059 locis
1071 2025 1147 2060 hiat
1169 2033 1204 2060 et
1228 2026 1411 2061 interdum
1432 2039 1532 2062 corn-

355 2082 531 2117 missuras
558 2082 690 2127 quibus
717 2081 903 2117 disiuncta
928 2084 1095 2118 membra
1122 2084 1431 2130 coniungerentur
1455 2086 1531 2131 ipse

244 2166 252 2185 ¹
279 2167 328 2197 Cf.
348 2167 422 2198 adn.
441 2168 482 2197 ad
501 2167 542 2198 vi.
561 2177 590 2204 3.
610 2169 651 2205 63
677 2177 707 2198 x.
734 2177 781 2198 11.
800 2177 829 2206 3,
850 2177 892 2206 5;
917 2167 962 2198 xi.
987 2179 1034 2199 10.
1058 2179 1083 2207 1,
1103 2179 1133 2200 2.

242 2209 253 2228 ²
280 2210 347 2241 Sed
371 2211 544 2240 fatendum
567 2215 618 2240 est
643 2210 675 2239 in
700 2221 767 2239 uno
790 2211 864 2240 loco
886 2210 917 2239 Z
938 2217 970 2241 et
994 2211 1083 2243 Crat.
1105 2213 1395 2251 interpolationem
1420 2215 1529 2245 videri

199 2254 380 2293 recepisse,
400 2254 466 2285 xvi.
490 2264 537 2284 11.
560 2264 579 2292 3
597 2254 651 2283 ubi
675 2254 730 2283 dat
746 2247 786 2284 Zl
804 2253 966 2295 <Librum
990 2265 1102 2285 meum
1125 2255 1241 2297 zllum)
1261 2256 1350 2286 Crat.
1370 2256 1531 2298 (Librum

198 2297 296 2326 illum
322 2296 456 2339 meum>
482 2302 559 2327 ante
588 2296 638 2326 ‘O
670 2296 773 2327 Tite‘:
798 2302 831 2327 et
858 2298 889 2327 in
916 2297 961 2327 iii.
991 2299 1030 2328 16
1054 2299 1127 2329 fieri
1151 2304 1263 2338 potest
1289 2305 1324 2330 ut
1348 2301 1450 2331 verba
1474 2301 1534 2343 <ut

194 2339 342 2382 putatis)
367 2351 499 2379 quoque
526 2340 727 2378 interpolata
755 2341 822 2370 sint
851 2351 893 2370 ex
922 2341 1203 2380 interpretatione
1235 2343 1389 2373 vocabuli
1422 2345 1464 2374 ita
1497 2345 1529 2374 in

198 2384 346 2422 margine
364 2385 504 2414 adiecta.

242 2427 254 2445 ³
284 2427 460 2457 *Berliner
479 2426 749 2465 Philologischer
765 2428 1069 2469 Wochenschrift‚'
1092 2430 1182 2469 1894,
1204 2440 1234 2469 p.
1254 2441 1325 2469 925.
