1732 2661
128 180 180 216 ΙΙ.
205 180 313 215 xxiv
602 181 655 216 M.
688 180 855 216 TVLLI
888 180 1194 218 CICERONIS

229 290 337 327 illum
369 290 435 340 qui
464 290 503 328 in
528 292 566 327 P.
593 291 779 329 Clodium
810 290 1100 340 subscripserat,
1126 292 1167 328 L.
1195 290 1427 336 Domitium,
1451 291 1560 329 cuius

229 357 394 393 domum
430 355 684 393 constitutam
718 355 835 393 fuisse
867 357 973 393 unde
1008 355 1160 405 eruptio
1193 357 1310 393 fieret.
1373 357 1441 393 Me
1480 370 1560 394 non

230 419 447 458 nominavit
475 421 544 458 sed
575 419 671 457 dixit
698 421 944 457 consularem
972 419 1160 458 disertum
1188 420 1361 457 vicinum
1389 420 1561 458 consulis

230 484 304 522 sibi
337 484 480 522 dixisse
512 486 683 522 Ahalam
716 484 922 522 Servilium
954 484 1126 534 aliquem
1165 492 1231 523 aut
1265 487 1429 522 Brutum
1462 499 1561 535 opus

231 564 316 588 esse
338 549 503 599 reperiri.
565 548 735 587 Addidit
754 550 803 587 ad
825 558 1054 597 extremum,
1073 563 1162 587 cum
1185 549 1261 587 iam
1290 549 1451 587 dimissa
1472 564 1562 588 con·
1582 563 1598 594 5

231 615 338 653 tione
372 623 576 652 revocatus
609 628 633 652 a
670 614 831 652 Vatinio
870 614 1014 660 fuisset,
1057 628 1098 652 se
1135 614 1293 653 audisse
1330 629 1354 652 a
1389 615 1561 653 Curione

233 679 291 717 his
330 681 380 718 de
413 681 527 717 rebus
559 680 763 718 conscium
796 694 881 718 esse
914 680 1099 717 Pisonem
1131 693 1319 729 generum
1352 694 1484 717 meum
1523 688 1561 718 et

235 747 289 782 M.
324 747 586 783 Laterensem.

187 815 214 852 4
288 811 406 847 Nunc
426 824 513 847 reus
543 818 623 848 erat
652 811 758 859 apud
785 812 969 849 Crassum
999 809 1172 848 Divitem
1193 810 1348 848 Vettius
1375 811 1425 848 de
1446 810 1482 847 vi
1510 818 1557 855 et,

232 889 322 912 cum
347 882 448 912 esset
475 876 695 920 damnatus,
719 882 799 912 erat
827 873 1016 912 indicium
1043 876 1318 923 postulaturus.
1380 875 1501 923 Quod
1528 874 1559 911 si
1584 888 1622 909 10

231 939 485 989 impetrasset,
519 939 664 977 iudicia
697 941 779 977 fore
808 939 1052 977 videbantur.
1115 941 1172 976 Ea
1201 952 1283 985 nos,
1321 947 1458 988 utpote
1492 939 1559 988 qui

230 1004 327 1041 nihil
360 1012 614 1042 contemnere
646 1005 870 1049 soleremus,
910 1017 984 1040 mm
1021 1005 1343 1040 contemnebmmts
1379 1005 1446 1041 scd
1479 1017 1559 1041 non

230 1055 613 1119 pertimescebamus.
696 1068 919 1106 Hominum
960 1067 1120 1117 quidem
1162 1081 1315 1105 summa
1354 1082 1443 1117 erga
1487 1082 1559 1105 nos

230 1134 360 1173 studia
388 1134 733 1184 significabantur3
773 1134 842 1171 sed
872 1146 1028 1183 prorsus
1061 1132 1162 1170 vitae
1198 1134 1353 1179 taedet3
1388 1133 1440 1171 ita
1469 1141 1560 1171 sunt

229 1199 364 1237 omnia
402 1198 580 1237 omnium
627 1198 868 1236 miseriarum
912 1197 1149 1248 plenissima.
1230 1199 1357 1236 Modo
1395 1200 1559 1237 caedem
1583 1212 1618 1244 15

231 1264 484 1302 timueramus
505 1268 606 1314 'tque
634 1263 758 1302 oratio
780 1263 979 1302 fortissimi
1001 1262 1114 1309 senis,
1140 1264 1189 1311 Q.
1214 1263 1390 1309 Considi,
1414 1263 1560 1302 discus-

229 1337 330 1368 serat
350 1343 396 1367 ea
425 1329 585 1379 inquam
617 1329 761 1367 cotidie
787 1329 923 1366 timere
954 1332 1242 1378 potueramusl,
1267 1328 1398 1366 subito
1428 1337 1560 1367 exorta

229 1402 298 1432 est.
358 1394 466 1443 Quid
488 1394 670 1443 quaeris?
690 1393 786 1431 nihil
809 1407 871 1431 me
891 1393 1181 1441 itfforlltnalilts‚
1207 1394 1311 1430 m‘lzsl
1326 1393 1558 1431 fortunatius

229 1466 288 1496 est
309 1460 452 1498 Catulo
479 1472 569 1496 cum
600 1460 808 1508 splendore
838 1457 940 1495 vitae
971 1465 1054 1495 tum
1079 1458 1204 1497 †hoc†
1226 1465 1411 1507 tempore.
1474 1460 1558 1497 Nos

230 1532 361 1562 tamen
394 1524 433 1561 in
460 1523 520 1561 his
552 1523 715 1561 miseriis
747 1530 877 1561 erecto
906 1522 1040 1560 animo
1070 1530 1107 1560 et
1139 1522 1300 1561 minime
1332 1524 1558 1572 perturbato
1580 1537 1620 1558 20

230 1603 365 1627 sumus
392 1588 746 1638 honestissimeque
776 1595 814 1626 et
838 1587 1069 1638 dignitatem
1095 1596 1268 1626 nostram
1297 1601 1438 1637 magna
1467 1602 1559 1626 cura

230 1663 393 1692 tuemur.

187 1730 211 1768 5
285 1720 498 1769 Pompeius
518 1721 568 1758 de
590 1719 732 1758 Clodio
754 1719 863 1756 iubet
887 1732 960 1756 nos
981 1732 1066 1757 esse
1088 1718 1171 1757 sine
1192 1732 1283 1756 cura
1304 1726 1341 1757 et
1363 1732 1557 1757 summam

230 1785 270 1822 in
292 1799 364 1823 nos
386 1785 701 1823 benevolentiam
729 1785 838 1822 omni
866 1784 1042 1822 oratione
1072 1784 1273 1833 significat.
1335 1786 1393 1823 Te
1414 1785 1558 1824 habere

229 1850 482 1889 consiliorum
502 1859 713 1897 auctorem,
738 1850 1049 1889 sollicitudinum
1076 1850 1238 1897 socium,
1262 1851 1370 1889 omni
1398 1851 1437 1888 in
1458 1851 1558 1901 cogi·
1580 1863 1616 1894 25

229 1916 375 1954 tatione
405 1916 659 1954 coniunctum
688 1916 815 1966 cupio.
877 1918 967 1965 Qua
998 1930 1038 1954 re
1068 1924 1110 1954 ut
1140 1916 1349 1954 Numestio
1375 1916 1558 1954 mandavi

228 1988 358 2019 tecum
380 1989 421 2018 ut
442 1989 581 2030 ageret,
606 1981 698 2019 item
729 1989 848 2031 atque
870 1995 927 2027 eo,
953 1981 983 2019 si
1015 1989 1154 2032 potest,
1178 1981 1302 2019 acrius
1330 1988 1367 2019 te
1395 1995 1489 2031 rogo
1516 1990 1558 2020 ut

228 2048 343 2096 plane
363 2048 414 2085 ad
436 2060 506 2085 nos
527 2048 696 2085 advoles.
760 2048 970 2098 Respiraro
991 2047 1021 2085 si
1044 2056 1080 2086 te
1102 2047 1245 2086 videro.

276 2162 313 2180 12
337 2151 524 2181 soleremus
538 2152 654 2181 Klotz:
680 2152 826 2182 solemus
845 2152 904 2182 M:
930 2152 1097 2182 soleamus
1110 2153 1186 2183 coni.
1205 2151 1306 2182 Orelli
1393 2163 1460 2183 non
1477 2164 1554 2184 con—

230 2195 473 2233 temnebamus,
494 2196 554 2225 sed
572 2195 646 2226 add.
666 2195 857 2233 Wesenberg
992 2198 1030 2225 16
1054 2206 1153 2234 quam
1171 2197 1258 2235 vulg.
1278 2208 1284 2225 ι
1308 2206 1408 2234 quem
1428 2202 1550 2227 metum

230 2237 369 2277 tlladm'g
511 2249 547 2277 17
573 2249 646 2268 earn
673 2249 771 2277 quam
800 2239 875 2268 Mss:
910 2250 949 2268 ea
975 2240 1024 2268 vis
1047 2249 1146 2278 quam
1173 2239 1249 2269 ami.
1275 2239 1480 2279 Weseulwrg:
1516 2251 1555 2270 ea

230 2282 365 2311 miseria
381 2291 479 2319 quam
497 2283 573 2312 coni.
591 2281 729 2311 Affz'iller:
756 2294 805 2319 ea,
826 2293 866 2312 ea
881 2283 1026 2320 inquam.
1047 2292 1145 2321 quam
1170 2282 1288 2320 Tyrrcll
1378 2284 1416 2312 18
1441 2283 1551 2314 infort.

230 2324 314 2353 nihil
332 2324 405 2354 add.
428 2324 543 2355 Lanzl).
694 2336 732 2364 19
758 2325 839 2366 hoc]
858 2326 975 2355 mortis
994 2325 1112 2355 Lamb.
1289 2335 1326 2354 21
1356 2325 1555 2364 dignitatem

231 2372 379 2397 nostram
412 2374 445 2397 et
478 2379 598 2403 magna
631 2379 709 2398 cura
745 2369 922 2399 Grasvius:
963 2373 996 2398 ct
1029 2369 1227 2407 dignitatem
1261 2373 1294 2398 et
1321 2370 1555 2400 auctoritatem

231 2414 380 2440 nostram
395 2421 515 2450 magna
530 2422 609 2441 cura
623 2412 697 2442 Otto
829 2420 868 2449 27
895 2416 993 2450 atque
1011 2412 1096 2442 adeo
1110 2413 1187 2443 conl.
1206 2411 1329 2442 Mz‘iller
