1773 2651
179 191 268 228 VII.

251 519 266 545 1

236 2147 260 2183 3

288 191 333 227 ix
656 195 710 231 M.
744 195 911 232 TVLLI
944 195 1249 234 CICERONIS

329 326 395 360 IX
514 330 583 362 Ser.
605 332 638 362 ιἰι
656 331 837 362 Fornn'ano
854 344 874 363 v
889 337 949 363 aut
965 334 995 363 iv
1011 333 1054 364 K.
1073 334 1145 364 Ian.
1167 345 1196 365 a.
1221 344 1281 374 704
1301 335 1382 373 (50).

691 419 864 450 CICERO
886 420 1069 451 ATTICO
1091 421 1198 452 SAL.

344 506 596 546 ‘Cotidiene'
627 508 756 558 inquis
787 513 829 546 ‘a
857 517 894 547 te
920 509 1174 559 accipiendae
1204 510 1353 549 litterae
1380 512 1519 548 sunt?'
1577 510 1616 549 Si

286 572 443 610 habebo
464 572 526 610 cui
548 574 650 619 dem,
674 573 829 612 cotidie.
895 576 967 612 ‘At
989 575 1065 612 iam
1087 575 1169 625 ipse
1195 577 1314 614 ades.'
1371 577 1474 613 Tum
1504 575 1617 626 igitur

286 650 375 674 cum
408 650 551 675 venero
586 638 775 676 desinam.
848 641 957 677 Vnas
996 640 1112 678 video
1150 640 1246 678 mihi
1285 655 1307 679 a
1341 648 1378 678 te
1417 654 1497 678 non
1532 654 1616 679 esse

286 701 458 740 redditas
493 715 590 752 quas
622 704 664 740 L.
689 703 901 752 Quinctius
932 704 1129 743 familiaris
1160 719 1269 744 meus
1300 719 1390 743 cum
1422 707 1534 744 ferret
1566 707 1616 744 ad

287 766 445 804 bustum
469 767 587 805 Basili
608 769 832 806 vulneratus
859 776 897 807 et
918 769 1160 819 despoliatus
1186 778 1256 808 est.
1316 770 1482 809 Videbis
1504 770 1617 820 igitur

286 844 379 868 num
402 831 497 881 quid
525 832 639 870 fuerit
660 832 699 870 in
725 833 770 871 iis
791 835 899 883 quod
925 847 988 872 me
1015 834 1112 872 scire
1133 848 1232 884 opus
1259 835 1307 872 sit
1335 843 1372 873 et
1400 835 1515 872 simul
1540 836 1617 873 hoc

284 897 542 947 ὃιευκρινήσεις
561 899 770 948 πρόβλημα
790 912 884 937 Sane
904 901 1107 937 πολιτικόν.
1165 901 1268 938 Cum
1291 899 1338 937 sit
1366 913 1526 938 necesse
1549 907 1616 937 aut

282 962 417 1000 haberi
439 963 616 1001 Caesaris
638 963 829 1001 rationem
853 963 918 1001 illo
946 963 1157 1002 exercitum
1179 965 1239 1002 vel
1261 977 1328 1014 per
1355 972 1534 1002 senatum
1555 965 1615 1002 vel

282 1040 350 1076 per
379 1027 557 1065 tribunos
587 1030 636 1077 pl.
661 1028 876 1075 obtinente,
899 1037 965 1066 aut
993 1029 1217 1079 persuaderi
1239 1029 1396 1068 Caesari
1421 1037 1463 1067 ut
1490 1030 1616 1067 tradat

283 1092 524 1142 provinciam
551 1102 670 1143 atque
697 1094 909 1132 exercitum
938 1102 975 1132 et
1005 1095 1058 1132 ita
1087 1096 1225 1133 consul
1256 1095 1332 1140 fiat,
1355 1101 1432 1141 aut,
1456 1093 1486 1131 si
1514 1094 1554 1132 id
1582 1093 1616 1131 ei

284 1171 364 1196 non
398 1160 689 1208 persuadeatur,
725 1159 859 1197 haberi
899 1159 1060 1198 comitia
1099 1159 1182 1198 sine
1222 1159 1323 1197 illius
1362 1159 1511 1197 ratione
1550 1159 1617 1197 illo

283 1223 456 1272 patiente
475 1232 594 1274 atque
615 1224 820 1262 obtinente
841 1224 1093 1274 provinciam,
1118 1233 1194 1271 aut,
1218 1224 1247 1262 si
1276 1238 1344 1274 per
1365 1224 1542 1262 tribunos
1564 1226 1612 1273 pl.

285 1301 364 1326 non
386 1289 555 1338 patiatur
575 1295 611 1326 et
629 1297 759 1327 tamen
782 1290 969 1339 quiescat,
992 1304 1073 1328 rem
1093 1289 1239 1328 adduci
1266 1291 1316 1327 ad
1338 1289 1613 1338 interregnum,

283 1361 360 1400 aut,
402 1353 432 1391 si
479 1355 530 1392 ob
570 1368 656 1392 eam
696 1368 854 1393 causam
895 1357 1003 1404 quod
1043 1355 1140 1393 ratio
1180 1354 1262 1393 eius
1301 1368 1381 1392 non
1427 1354 1616 1392 habeatur

282 1418 494 1456 exercitum
519 1420 702 1466 adducat,
726 1419 843 1457 armis
868 1434 958 1458 cum
989 1433 1037 1458 eo
1065 1421 1316 1466 contendere,
1340 1419 1449 1457 illum
1480 1427 1612 1457 autem

282 1482 435 1521 initium
458 1485 584 1522 facere
611 1497 807 1522 armorum
829 1492 895 1522 aut
923 1485 1053 1523 statim
1083 1485 1197 1523 nobis
1223 1484 1352 1522 minus
1380 1484 1522 1534 paratis
1549 1492 1615 1522 aut

282 1555 363 1585 tum
395 1561 485 1586 cum
514 1549 683 1587 comitiis
712 1549 848 1587 amicis
870 1549 952 1588 eius
980 1549 1270 1600 postulantibus
1300 1558 1341 1587 ut
1364 1563 1385 1588 e
1406 1551 1490 1599 lege
1517 1549 1614 1587 ratio

281 1613 470 1651 habeatur
498 1614 749 1664 impetratum
779 1628 859 1652 non
888 1615 946 1661 sit,
971 1615 1024 1654 ire
1048 1624 1180 1654 autem
1207 1616 1259 1653 ad
1283 1628 1389 1652 arma
1415 1622 1482 1652 aut
1512 1616 1613 1652 hanc

280 1692 399 1716 unam
421 1679 473 1717 ob
494 1692 652 1717 causam
675 1681 783 1729 quod
805 1680 902 1718 ratio
930 1694 1010 1718 non
1039 1681 1229 1719 habeatur
1248 1687 1314 1718 aut
1339 1679 1473 1717 addita
1497 1693 1613 1717 causa

280 1743 311 1780 si
328 1745 425 1782 forte
446 1743 625 1782 tribunus
642 1746 690 1794 pl.
711 1752 890 1783 senatum
915 1745 1135 1795 impediens
1152 1753 1217 1783 aut
1235 1745 1424 1794 populum
1446 1743 1613 1782 incitans

279 1816 436 1846 notatus
467 1817 534 1847 aut
567 1817 724 1848 senatus
757 1812 940 1849 consulto
982 1811 1298 1860 circumscriptus
1336 1817 1402 1848 aut
1437 1810 1613 1847 sublatus

279 1881 345 1911 aut
375 1875 558 1923 expulsus
579 1874 627 1912 sit
657 1875 842 1913 dicensve
873 1890 914 1914 se
945 1878 1150 1926 expulsum
1170 1877 1222 1914 ad
1248 1876 1356 1913 illum
1382 1875 1610 1925 confugerit,

281 1946 464 1988 suscepto
484 1947 616 1977 autem
638 1940 743 1978 bello
763 1948 829 1979 aut
859 1943 1029 1980 tenenda
1050 1941 1098 1979 sit
1120 1941 1210 1979 urbs
1231 1948 1297 1978 aut
1324 1954 1369 1978 ea
1391 1939 1523 1978 relicta
1547 1939 1610 1978 ille

281 2011 504 2042 commeatu
535 2012 573 2042 et
603 2005 761 2054 reliquis
791 2006 915 2056 copiis
950 2006 1436 2055 intercludendus-—quod
1470 2007 1609 2044 horum

281 2070 472 2107 malorum
505 2084 671 2120 quorum
704 2071 866 2121 aliquod
898 2079 1001 2110 certe
1031 2072 1282 2109 subeundum
1313 2078 1370 2108 est
1402 2070 1609 2108 minimum

281 2142 403 2184 putes.
465 2135 584 2174 Dices
605 2137 781 2186 profecto
802 2136 1024 2187 persuaderi
1052 2136 1104 2173 illi
1126 2144 1167 2174 ut
1189 2137 1313 2173 tradat
1340 2135 1550 2173 exercitum
1572 2142 1610 2172 et

280 2200 330 2237 ita
365 2202 502 2239 consul
536 2202 611 2239 fiat.
674 2203 743 2239 Est
778 2202 942 2240 omnino
977 2201 1016 2240 id
1051 2201 1133 2239 eius
1173 2200 1282 2239 modi
1317 2208 1368 2246 ut,
1403 2201 1434 2238 si
1467 2200 1530 2238 ille
1561 2214 1609 2238 eo

1638 979 1676 1001 10

1638 1305 1674 1336 Ι5

1635 1629 1675 1650 20

1633 1953 1669 1984 25

277 2267 503 2313 descendat,
527 2275 662 2304 contra
683 2267 761 2305 dici
783 2267 878 2304 nihil
900 2266 1021 2316 possit
1042 2266 1161 2316 idque
1182 2279 1284 2313 eum,
1304 2265 1333 2303 si
1356 2279 1435 2303 non
1457 2265 1607 2303 obtinet
1628 2278 1669 2308 30

320 2379 336 2407 7
359 2369 567 2408 despoliatus
586 2370 673 2401 codd.
694 2374 821 2409 praeter
835 2369 886 2399 M¹
905 2382 911 2401 :
946 2370 1109 2410 spoliatus
1129 2370 1179 2400 M¹
1402 2374 1422 2402 8
1446 2373 1542 2404 simul
1563 2374 1607 2404 C:

276 2413 302 2440 si
328 2413 431 2442 multo
456 2413 565 2443 codd:
599 2414 700 2444 simul
725 2418 758 2443 tu
779 2414 877 2444 Vict:
912 2415 1022 2444 simitu
1048 2414 1204 2445 Bz'iclzeler
1416 2427 1452 2455 15
1478 2422 1511 2447 et
1529 2417 1603 2447 add.

275 2454 392 2484 Lamb.
489 2466 523 2495 17
543 2461 616 2496 pos!
632 2458 734 2487 armis
750 2457 825 2488 add.
843 2468 903 2487 nos
921 2456 1110 2498 [Vesenberg
1198 2460 1239 2488 26
1257 2460 1308 2489 dic
1326 2461 1414 2499 quod
1432 2461 1509 2491 com'.
1525 2460 1610 2490 Reid
