1773 2651
608 181 720 217 EPP.
754 181 830 217 AD
861 181 1120 220 ATTICVM
1432 182 1524 219 VII.
1550 181 1660 218 xxiv

221 310 374 346 XXIV
450 313 520 345 Scr.
540 315 574 344 in
592 314 773 344 Formiano
789 314 820 345 iv
834 313 884 345 Id.
902 314 990 345 Febr.
1012 325 1042 345 a.
1064 324 1118 354 705
1136 314 1223 355 (49).

594 403 768 434 CICERO
801 403 972 435 ATTICO
1005 404 1103 435 SAL.

236 492 437 530 Philotimi
468 492 616 530 litterae
646 505 709 530 me
737 491 898 542 quidem
926 506 1007 530 non
1035 492 1150 530 nimis
1178 493 1247 531 sed
1280 506 1347 531 eos
1374 491 1440 541 qui
1471 490 1510 529 in

179 557 239 595 his
261 557 356 595 locis
378 564 485 594 erant
506 558 724 595 admodum
746 558 1001 595 delectarunt.
1045 559 1149 596 Ecce
1169 557 1356 608 postridie
1374 556 1512 595 Cassio

142 632 159 664 5
179 621 329 659 litterae
347 622 485 670 Capua
500 635 523 659 a
540 621 734 667 Lucretio,
754 621 930 659 familiari
953 622 1048 665 eius,
1066 622 1269 672 Nigidium
1289 636 1311 660 a
1335 621 1513 660 Domitio

183 688 362 736 Capuam
384 686 545 724 venisse.
608 688 710 724 Eum
733 686 863 725 dicere
880 687 1098 725 Vibullium
1120 701 1210 725 cum
1231 687 1366 736 paucis
1388 685 1513 724 militi-

181 752 254 789 bus
285 765 306 789 e
338 750 484 789 Piceno
514 765 665 789 currere
694 752 745 789 ad
780 753 976 799 Gnaeum,
997 752 1204 790 confestim
1232 751 1386 801 insequi
1419 752 1514 790 Cae-

181 829 317 862 sarem,
362 815 582 853 Domitium
622 829 703 854 non
742 817 887 855 habere
927 816 1094 855 militum
1135 830 1180 854 111
1222 817 1336 855 milia.
1399 818 1512 855 Idem

181 880 334 931 scripsit
374 882 512 931 Capua
551 883 732 920 consules
775 882 1010 921 discessisse.
1091 884 1183 920 Non
1232 882 1371 921 dubito
1417 881 1511 932 quin

125 962 162 984 10
183 948 344 985 Gnaeus
365 946 403 984 in
421 948 510 997 fuga
530 946 577 984 sit
594 961 602 994 3
632 948 753 985 modo
775 947 942 997 effugiat.
995 950 1080 998 Ego
1099 961 1121 986 a
1142 947 1307 986 consilio
1323 946 1508 998 fugiendi,

182 1020 224 1050 ut
246 1020 286 1050 tu
308 1025 455 1059 censeS‚
478 1012 629 1050 absum.

219 1138 347 1172 XXV
393 1140 462 1172 Ser.
483 1142 515 1171 in
536 1141 716 1172 Formiano
732 1142 764 1172 iv
780 1145 840 1172 aut
856 1142 891 1172 iii
904 1142 953 1173 Id.
972 1142 1062 1175 Febr.
1081 1153 1111 1174 α.
1133 1153 1188 1183 705
1205 1143 1292 1184 (49).

644 1218 819 1249 CICERO
851 1218 1035 1250 ATTICO.

241 1297 343 1335 Cum
365 1295 563 1334 dedissem
591 1297 641 1334 ad
663 1303 700 1334 te
729 1296 874 1334 litteras
895 1296 1012 1335 tristis
1040 1304 1077 1335 et
1098 1305 1232 1336 metuo
1262 1311 1312 1337 ne
1335 1312 1443 1337 veras
1464 1299 1514 1337 de

126 1376 164 1407 15
186 1360 344 1398 Lucreti
378 1361 429 1398 ad
460 1360 641 1399 Cassium
673 1361 808 1399 litteris
841 1362 980 1411 Capua
1011 1361 1148 1409 missis,
1184 1363 1376 1412 Cephalio
1409 1363 1515 1401 venit

185 1439 208 1462 a
242 1425 364 1463 vobis.
425 1425 567 1463 Attulit
599 1425 717 1463 etiam
748 1439 771 1463 a
803 1433 839 1464 te
871 1426 1016 1465 litteras
1048 1427 1247 1466 hilariores
1280 1441 1353 1466 nec
1383 1436 1515 1466 tamen

185 1491 325 1536 firmas,
365 1498 406 1527 ut
446 1492 558 1528 soles.
633 1491 780 1529 Omnia
813 1491 963 1530 facilius
1002 1493 1161 1531 credere
1199 1506 1360 1542 possum
1396 1507 1514 1543 quam

185 1556 294 1605 quod
329 1555 507 1601 scribitis,
544 1555 778 1605 Pompeium
813 1556 1025 1594 exercitum
1060 1557 1214 1595 habere.
1276 1559 1406 1596 Nemo
1438 1560 1514 1597 huc

186 1620 238 1657 ita
267 1620 391 1657 adfert
421 1619 634 1669 omniaque
664 1634 764 1670 quae
791 1621 924 1659 nolim.
985 1622 1020 1661 O
1048 1636 1129 1660 rem
1158 1622 1363 1661 miseram!
1394 1626 1514 1662 malas

129 1700 166 1721 20
187 1698 323 1722 causas
354 1698 507 1734 semper
536 1684 718 1732 obtinuit,
750 1685 789 1723 in
819 1686 969 1736 optima
998 1687 1181 1726 concidit.
1242 1689 1351 1737 Quid
1385 1689 1515 1727 dicam

187 1750 259 1787 nisi
282 1750 377 1788 illud
394 1763 483 1788 eum
501 1749 620 1788 scisse
637 1751 783 1800 (neque
801 1751 905 1789 enim
923 1759 1002 1790 erat
1019 1752 1205 1802 difficile),
1224 1754 1300 1792 hoc
1316 1754 1516 1793 nescisse?

189 1816 281 1852 Erat
302 1814 407 1852 enim
427 1828 487 1852 ars
504 1814 670 1853 difficilis
692 1823 795 1853 recte
816 1830 896 1854 rem
918 1816 1118 1866 publicam
1148 1831 1288 1868 regere.
1339 1820 1417 1858 Sed
1439 1819 1515 1857 iam

187 1878 344 1929 iamque
365 1879 499 1917 omnia
519 1879 687 1917 sciemus
708 1887 746 1918 et
767 1880 982 1919 scribemus
1003 1883 1053 1920 ad
1075 1889 1112 1921 te
1133 1882 1274 1921 statim.

232 2011 386 2046 XXVI
474 2015 544 2046 δαν.
563 2016 595 2045 in
613 2016 791 2047 Formiano
805 2027 849 2047 xv
865 2017 908 2049 K.
928 2016 1027 2048 Mart.
1046 2028 1078 2049 a.
1098 2027 1152 2058 705
1171 2019 1254 2059 (49).

131 2112 169 2142 25
598 2104 768 2136 CICERO
793 2104 974 2136 ATTICO
1004 2105 1111 2138 SAL.

247 2182 339 2219 Non
360 2181 465 2219 venit
486 2181 591 2220 idem
619 2195 691 2220 usu
721 2182 814 2220 mihi
845 2185 953 2232 quod
976 2192 1015 2222 tu
1044 2185 1112 2223 tibi
1141 2185 1288 2233 scribis,
1314 2186 1517 2236 ‘quotiens
1537 2197 1553 2224 1

191 2245 365 2283 exorior.'
406 2247 490 2295 Ego
511 2246 615 2283 enim
633 2260 737 2284 nunc
753 2249 924 2296 primum
946 2251 1105 2298 paulum
1128 2250 1279 2289 exorior
1294 2259 1331 2290 et
1349 2252 1517 2291 maxime

235 2359 254 2385 4
279 2347 396 2377 Cassio
420 2348 563 2378 Rosius:
589 2348 695 2379 Cassii
719 2348 760 2378 Μ
910 2352 929 2380 8
955 2361 992 2381 111
1020 2352 1111 2382 milia
1139 2352 1277 2384 Rosius:
1303 2355 1370 2384 uim
1397 2355 1517 2389 Mn‘zle.

193 2390 225 2419 iii
239 2390 298 2425 m.)
436 2402 474 2421 10
502 2392 571 2430 Ego
589 2403 607 2422 a
629 2392 831 2433 W'eset·1be1g:
862 2405 880 2424 e
904 2393 972 2426 M1:
1001 2406 1065 2434 ego
1088 2395 1134 2426 C:
1162 2407 1181 2426 a
1201 2395 1255 2426 M2'
1404 2408 1442 2437 19
1467 2398 1514 2439 O]

193 2432 288 2466 OPR
302 2432 382 2465 Ant.
409 2433 527 2469 Lamb,
547 2435 661 2477 etjbrl,
682 2436 728 2467 Z:
757 2447 822 2469 ont.
852 2437 892 2470 M
1022 2449 1061 2479 27
1088 2440 1229 2479 primum
1257 2440 1333 2474 add,
1354 2441 1477 2475 Mz'c'ller
