1773 2651
520 158 632 194 EPP.
664 158 742 194 AD
771 157 1032 195 ATTICVM
1421 156 1488 192 IV.
1514 153 1605 190 xvii

141 271 336 307 offensura
364 269 437 319 sitj
470 282 571 318 quae
601 275 753 306 tantum
785 268 933 305 liabent
963 266 1235 317 mysteriorum
1264 275 1307 304 ut
1334 280 1398 305 eas
1425 279 1476 304 ne

141 334 304 373 librariis
321 334 482 384 quidem
504 335 583 371 fere
604 333 910 378 committamus,
931 332 1131 381 *tlepidum
1149 346 1229 381 quo
1251 331 1439 371 excidat†.

195 401 391 439 Consules
419 401 581 449 flagrant
609 398 770 436 infamia
798 399 907 447 quod
930 399 973 437 C.
1000 397 1216 435 Memmius
1241 397 1475 435 candidatus
1494 405 1519 431 2

141 465 365 515 pactionem
393 464 433 502 in
461 471 598 502 senatu
626 463 801 501 recitavit
823 476 941 512 quam
967 462 1050 512 ipse
1070 469 1107 500 et
1124 476 1216 500 suus
1241 462 1477 512 competitor

102 543 118 574 5
144 529 342 568 Domitius
365 543 455 568 cum
477 528 707 567 consulibus
730 527 885 566 fecisset
913 527 969 565 uti
990 527 1110 565 ambo
1133 528 1203 565 Hs
1226 528 1478 576 quadragena

141 595 371 633 consulibus
407 595 555 639 darent,
594 593 626 631 si
662 600 793 631 essent
828 592 902 642 ipsi
941 593 1123 630 consules
1163 591 1265 638 facti,
1302 591 1376 629 nisi
1411 591 1478 628 tris

141 673 305 709 augures
333 658 536 697 dedissent
564 658 631 708 qui
661 671 701 696 se
728 657 900 695 adfuisse
928 657 1104 695 dicerent
1126 670 1217 695 cum
1244 658 1305 695 Iex
1332 656 1479 694 curiata

142 727 312 771 ferretur,
337 737 438 773 quae
465 725 543 762 lata
570 738 650 762 non
680 731 791 769 esset,
817 730 854 760 et
875 724 956 761 duo
981 722 1197 760 consularis
1220 722 1287 771 qui
1315 735 1356 759 se
1378 721 1479 759 dice-

142 797 227 827 rent
248 789 288 826 in
309 789 495 827 ornandis
517 788 728 839 provinciis
756 787 1027 825 consularibus
1055 787 1266 825 scribendo
1292 786 1478 833 adfuisse,

86 872 123 893 10
143 868 233 892 cum
262 854 426 892 omnino
455 868 505 892 ne
533 861 691 892 senatus
713 852 874 902 quidem
903 852 1048 890 fuisset.
1111 854 1225 889 Haec
1245 851 1375 901 pactio
1397 865 1477 889 non

143 919 270 958 verbis
301 921 370 957 sed
403 919 631 957 nominibus
659 926 697 957 et
718 917 1066 968 perscriptionibus
1094 918 1307 955 multorum
1336 916 1479 954 tabulis

143 999 233 1023 cum
262 998 346 1023 esse
375 986 477 1022 facta
505 984 709 1030 diceretur,
733 985 883 1033 prolata
907 996 929 1020 a
951 981 1146 1020 Memmio
1171 989 1229 1020 est
1250 981 1478 1019 nominibus

144 1050 315 1088 inductis
345 1057 505 1088 auctore
534 1049 737 1099 Pompeio.
800 1048 880 1086 Hic
901 1048 1054 1098 Appius
1083 1055 1163 1085 erat
1191 1046 1307 1085 idem.
1369 1047 1477 1084 Nihil

144 1128 237 1153 sane
273 1115 452 1153 iacturae.
514 1116 723 1154 Corruerat
757 1116 852 1152 alter
886 1121 923 1151 et
958 1115 1074 1163 plane
1113 1112 1275 1162 inquam
1311 1111 1474 1150 iacebat.

85 1194 122 1226 15
147 1181 362 1218 Memmius
396 1189 528 1218 autem
563 1180 758 1230 dirempta
792 1179 963 1217 coitione
1002 1178 1125 1216 invito
1161 1177 1327 1217 Calvino
1362 1179 1477 1227 plane
1497 1185 1521 1221 3

144 1247 339 1284 refrixerat
366 1254 403 1284 et
428 1260 475 1284 eo
504 1245 626 1295 magis
654 1258 760 1282 nunc
787 1252 892 1281 totus
917 1243 1017 1281 iacet
1042 1243 1150 1292 quod
1178 1242 1255 1279 iam
1283 1241 1479 1291 intellege-
1500 1240 1599 1291 (XVI.
1624 1238 1664 1290 6)

146 1313 285 1349 bamus
308 1311 621 1349 enuntiationem
645 1309 749 1347 illam
770 1308 937 1346 Memmi
954 1308 1067 1345 valde
1085 1307 1241 1346 Caesari
1259 1306 1475 1356 displicere.

147 1378 332 1415 Messalla
369 1384 500 1415 noster
539 1384 577 1413 et
611 1375 694 1413 eius
732 1373 931 1412 Domitius
969 1372 1205 1421 competitor
1235 1371 1404 1410 liberalis
1439 1371 1479 1408 in

146 1444 294 1492 populo
334 1443 448 1480 valde
487 1441 568 1478 fuit.
635 1439 744 1477 Nihil
782 1438 936 1489 gratius.
1000 1436 1106 1476 Certi
1140 1444 1250 1475 erant
1283 1437 1476 1474 consules.

86 1522 127 1544 20
147 1509 199 1545 At
222 1515 379 1545 senatus
402 1506 575 1545 decrevit
596 1513 638 1543 ut
660 1504 820 1543 tacitum
849 1503 1039 1541 iudicium
1067 1510 1157 1540 ante
1185 1501 1345 1540 comitia
1372 1503 1479 1539 fieret

146 1573 196 1610 ab
228 1572 272 1610 iis
303 1572 476 1610 consiliis
510 1584 611 1621 quae
643 1578 751 1609 erant
780 1583 827 1606 ex
856 1568 1040 1607 omnibus
1071 1567 1205 1605 sortita
1236 1567 1276 1604 in
1306 1566 1480 1616 singulos

145 1638 390 1677 candidatos.
459 1639 628 1687 Magnus
669 1636 784 1674 timor
823 1634 1136 1672 candidatorum.
1200 1633 1278 1670 Sed
1317 1632 1479 1681 quidam

145 1704 305 1750 iudices,
333 1704 372 1741 in
401 1703 461 1741 his
493 1702 687 1752 Opimius,
710 1700 890 1745 Veiento,
923 1698 1101 1744 Rantius,
1132 1697 1310 1736 tribunos
1340 1699 1389 1746 pl.
1417 1710 1481 1746 ap-

145 1770 348 1818 pellarunt,
366 1782 415 1806 ne
437 1768 586 1805 iniussu
610 1766 745 1816 populi
768 1765 995 1803 iudicarent.
1061 1764 1141 1800 Res
1163 1762 1291 1809 cedit3
1321 1762 1477 1799 comitia

87 1848 125 1878 25
145 1834 265 1871 dilata
285 1847 331 1871 ex
353 1841 511 1871 senatus
533 1833 716 1870 consulto
739 1831 834 1868 dum
852 1831 912 1867 lex
928 1830 978 1867 de
999 1827 1118 1866 tacito
1139 1827 1286 1865 iudicio
1307 1828 1477 1864 ferretur.

146 1898 265 1936 Venit
292 1898 367 1947 legi
394 1898 488 1935 dies.
549 1895 758 1934 Terentius
787 1893 1015 1932 intercessit.
1076 1893 1270 1931 Consules
1292 1891 1358 1941 qui
1384 1891 1479 1929 illud

146 1964 218 2002 levi
254 1964 439 2002 bracchio
475 1963 644 2012 egissent
676 1975 757 1999 rem
796 1962 846 1998 ad
888 1967 1067 1997 senatum
1103 1959 1337 1996 detulerunt.
1400 1956 1480 1994 Hic

191 2079 209 2097 2
237 2068 409 2107 Lepidum.
425 2078 491 2106 quo
507 2077 560 2096 res
572 2064 799 2096 cadatLamh.
815 2063 1004 2103 H’escnbctg
1017 2062 1085 2092 ‘sed
1099 2063 1126 2092 is
1143 2062 1279 2092 recidat'
1299 2073 1305 2091 z
1331 2060 1479 2099 lepidum

147 2112 224 2150 quid
244 2122 286 2141 ne
309 2121 374 2150 quo
402 2111 535 2141 excidat
564 2109 699 2148 Ziirrcll:
740 2119 782 2138 ne
811 2108 890 2146 quid
920 2116 1063 2145 unquam
1088 2106 1221 2135 excidat
1247 2104 1401 2134 Starker:
1436 2114 1480 2133 ne

147 2155 227 2193 quid
245 2156 357 2193 aliquo
375 2155 508 2184 excidat
526 2152 651 2182 Mz't'ller
758 2163 775 2189 4
803 2157 835 2181 et
853 2150 929 2181 add.
950 2149 1042 2180 Man.
1158 2160 1176 2188 5
1202 2149 1365 2179 fecissent
1382 2146 1477 2178 Man.

148 2200 168 2227 6
193 2198 270 2235 nisil
292 2197 409 2227 malim
429 2198 456 2226 si
600 2206 616 2234 7
643 2196 696 2234 qui
716 2206 752 2224 se
770 2195 839 2225 sdzl.
857 2205 864 2224 ε
889 2195 944 2232 qui
963 2193 1058 2232 sequi
1076 2203 1113 2223 se
1133 2192 1172 2221 Μ
1335 2202 1374 2221 10
1401 2191 1480 2220 fuis-

148 2246 201 2271 set
216 2245 239 2272 Σ
253 2240 473 2280 (praeterEH'
500 2251 506 2269 :
530 2240 692 2269 adfuisset
711 2238 751 2267 Μ
841 2240 879 2267 16
896 2242 985 2268 totus
1000 2237 1086 2266 iacet
1100 2235 1187 2266 Reid
1196 2235 1260 2265 coll.
1276 2233 1405 2266 Muren.
1420 2244 1480 2272 30:

148 2285 282 2314 cociace
301 2284 360 2313 M:
386 2284 448 2313 hoc
475 2284 604 2313 iacebat
628 2282 706 2312 coni.
739 2281 945 2321 ll'esenbctg:
972 2281 1034 2310 hoc
1060 2279 1144 2309 iacet
1163 2278 1352 2308 Mommsen
1444 2288 1481 2316 19

149 2328 309 2367 populum
328 2327 445 2358 Lamb.
641 2336 679 2355 21
707 2329 806 2355 erunt
824 2335 866 2354 ex
883 2323 1038 2354 omnibus
1054 2323 1201 2361 Kayser:
1227 2332 1292 2352 om.
1311 2332 1353 2351 ex
1369 2320 1458 2351 codd.
1474 2331 1481 2350 :

139 2372 221 2408 fort.
246 2370 402 2401 omnibus
425 2369 706 2410 transponendum
732 2372 806 2398 ante
827 2378 913 2407 quae
940 2371 1036 2397 erant
1193 2376 1232 2403 24
1259 2365 1346 2395 cedit
1372 2363 1454 2395 Ant.
1475 2375 1482 2394 z

151 2415 229 2444 cidit
248 2413 334 2443 MZ:
363 2414 483 2443 cecidit
500 2412 641 2452 ,Madwg
772 2422 811 2450 27
838 2410 1025 2441 retulerunt
1048 2409 1238 2448 IVesenberg
