1732 2661
130 160 160 197 I.
179 160 224 196 xi
561 162 615 198 M.
648 162 815 198 TVLLI
847 160 1154 198 CICERONIS

197 285 284 310 sum
305 282 536 311 commotus.
599 275 660 310 Eo
680 273 894 310 accedebat
916 273 1089 309 hortator
1109 271 1298 309 adsiduus
1319 269 1522 307 Sallustius

198 344 240 374 ut
259 351 412 387 agerem
435 353 553 387 quam
572 337 869 387 diligentissime
886 351 976 374 cum
994 336 1166 374 Lucceio
1187 337 1237 373 de
1254 343 1381 372 vestra
1395 342 1524 372 vetere

195 402 316 450 gratia
337 402 636 439 reconcilianda.
698 403 776 439 Sed
803 415 893 438 cum
920 400 1053 437 onmia
1078 400 1272 447 fecissem,
1292 413 1372 436 non
1404 399 1524 436 modo

195 480 282 504 eam
314 468 557 504 voluntatem
590 466 673 503 eius
705 480 806 515 quae
838 467 961 502 fuerat
1000 478 1088 513 erga
1127 472 1165 502 te
1199 464 1413 513 reciperare
1443 476 1523 499 non

195 530 317 579 potui,
340 544 474 568 verum
502 545 552 568 ne
581 544 740 568 causam
773 530 935 579 quidem
963 530 1103 567 elicere
1130 529 1359 566 immutatae
1391 528 1525 564 volun-
1545 537 1560 566 5

195 595 293 633 tatis.
353 594 528 632 Tametsi
557 594 674 632 iactat
704 594 768 632 ille
798 594 960 644 quidem
991 593 1087 631 illud
1117 607 1231 631 suum
1258 592 1458 630 arbitrium
1487 599 1525 628 et

194 673 240 698 ea
271 673 372 709 quae
404 659 481 697 iam
509 667 592 697 tum
625 673 715 697 cum
749 660 887 697 aderas
920 659 1119 696 offendere
1151 657 1233 695 eius
1268 657 1444 694 animum
1472 655 1527 692 in-

195 726 442 774 tellegebam,
464 733 595 762 tamen
626 725 745 763 habet
775 724 967 773 quiddam
998 724 1175 773 profecto
1195 723 1303 771 quod
1335 721 1456 770 magis
1487 720 1525 757 in

194 790 328 828 animo
367 789 450 828 eius
489 789 688 836 insederit,
727 790 837 839 quod
875 802 1005 837 neque
1039 787 1228 837 epistulae
1268 795 1357 824 tuae
1397 799 1526 835 neque

195 862 327 893 nostra
342 855 538 904 adlegatio
555 863 634 892 tam
650 862 781 904 potest
800 853 911 891 facile
925 854 1066 891 delere.
1128 853 1258 900 Quam
1280 860 1321 889 tu
1344 864 1526 901 praesens
1550 867 1587 887 10

194 934 274 958 non
307 921 428 958 modo
460 920 636 958 oratione
671 920 741 957 sed
781 927 849 957 tuo
881 919 989 955 vultu
1023 917 1089 956 illo
1128 916 1305 954 familiari
1338 917 1464 961 tolles,
1496 915 1526 952 si

194 986 316 1023 modo
346 985 442 1023 tanti
473 984 632 1035 putaris,
653 984 693 1022 id
724 985 846 1033 quod>
867 983 897 1021 si
924 997 987 1021 me
1008 982 1145 1021 audies
1175 990 1212 1020 et
1240 981 1270 1019 si
1292 980 1525 1018 humanitati

194 1058 283 1088 tuae
304 1058 483 1088 constare
504 1051 625 1097 voles,
646 1057 750 1088 certe
779 1048 946 1099 putabis.
1008 1050 1067 1085 Ac
1088 1061 1138 1085 ne
1163 1047 1259 1085 illud
1287 1045 1425 1084 mirere
1446 1059 1527 1093 cur,

193 1129 284 1153 cum
306 1129 379 1164 ego
399 1123 517 1153 antea
537 1114 786 1165 significarim
809 1114 879 1151 tibi
901 1128 969 1164 per
990 1113 1135 1151 litteras
1158 1126 1220 1150 me
1242 1125 1396 1161 sperare
1417 1111 1525 1148 illum

193 1180 233 1218 in
273 1188 406 1218 nostra
436 1188 630 1230 potestate
669 1181 764 1226 fore,
804 1193 910 1216 nunc
946 1178 1053 1217 idem
1085 1177 1218 1216 videar
1249 1177 1439 1223 diffidere,
1474 1175 1528 1212 in-
1552 1192 1586 1222 15

193 1245 381 1284 credibile
402 1253 460 1283 est
485 1253 633 1295 quanto
656 1244 751 1281 mihi
773 1244 950 1282 videatur
971 1243 1073 1281 illius
1094 1244 1275 1280 voluntas
1296 1240 1529 1279 obstinatior

193 1319 231 1349 et
259 1311 297 1348 in
327 1312 399 1349 hac
430 1310 632 1348 iracundia
662 1309 898 1348 offirmatior.
960 1310 1038 1347 Sed
1067 1310 1163 1346 haec
1190 1315 1257 1345 aut
1287 1307 1529 1345 sanabuntur

194 1391 285 1415 cum
307 1376 457 1415 veneris
477 1384 543 1414 aut
568 1376 602 1414 ei
624 1377 790 1413 molesta
810 1382 923 1413 erunt
944 1374 983 1411 in
1005 1382 1092 1412 utro
1113 1375 1229 1423 culpa
1249 1373 1329 1411 erit.

154 1454 180 1480 2
253 1442 375 1490 Quod
396 1441 434 1479 in
456 1441 623 1490 epistula
644 1449 710 1478 tua
730 1440 917 1489 scriptum
940 1448 1019 1477 erat
1048 1453 1111 1477 me
1135 1439 1212 1476 iam
1233 1437 1407 1476 arbitrari
1429 1437 1527 1475 desi-

196 1515 358 1557 gnatum
382 1520 478 1552 esse,
512 1506 610 1544 scito
643 1505 739 1543 nihil
772 1513 851 1543 tam
882 1504 1095 1543 exercitum
1127 1518 1211 1542 esse
1244 1517 1349 1541 nunc
1376 1505 1529 1540 Romae
1551 1516 1590 1537 20

198 1586 316 1623 quam
338 1571 570 1610 candidatos
598 1570 783 1609 omnibus
814 1570 1087 1620 iniquitatibus
1115 1583 1188 1607 nec
1214 1570 1375 1619 quando
1402 1569 1530 1606 futura

155 1646 179 1683 3
199 1637 274 1675 sint
295 1636 455 1675 comitia
475 1635 572 1674 sciri.
622 1638 771 1673 Verum
793 1636 891 1673 haec
911 1634 1047 1673 audies
1068 1635 1118 1673 de
1136 1634 1407 1682 Philadelpho.
1466 1634 1529 1670 Tu

197 1702 314 1740 velim
336 1714 436 1751 quae
459 1700 698 1738 Academiae
717 1708 872 1738 nostrae
890 1699 1032 1749 parasti
1055 1712 1173 1749 quam
1196 1698 1364 1748 primum
1387 1696 1527 1734 mittas.

198 1767 300 1806 Mire
332 1780 449 1816 quam
478 1766 578 1804 illius
605 1765 681 1804 loci
707 1779 787 1804 non
820 1767 942 1803 modo
974 1778 1067 1803 usus
1097 1765 1167 1802 sed
1197 1763 1314 1801 etiam
1344 1761 1530 1812 cogitatio

197 1834 376 1871 delectat.
422 1831 561 1869 Libros
582 1845 674 1869 vero
696 1839 785 1869 tuos
806 1844 900 1869 cave
922 1830 1107 1880 cuiquam
1128 1830 1257 1867 tradas
1273 1843 1282 1875 3
1312 1827 1426 1865 nobis
1447 1840 1526 1873 eos,
1550 1844 1587 1875 ²5

199 1912 317 1949 quem
347 1899 397 1936 ad
429 1898 593 1935 modum
625 1896 772 1943 scribis,
805 1909 1004 1934 conserva.
1065 1896 1272 1933 Summum
1303 1906 1366 1930 me
1393 1905 1528 1930 eorum

198 1964 373 2002 studium
404 1970 510 2000 tenet
541 1962 639 2000 sicut
668 1961 804 2000 odium
835 1960 912 1998 iam
942 1968 1158 1998 ceterarum
1186 1971 1338 2005 rerum3
1368 1971 1464 2006 quas
1489 1964 1530 1994 tu

200 2028 428 2067 incredibile
449 2035 506 2065 est
529 2041 648 2077 quam
671 2026 777 2064 brevi
799 2034 976 2075 tempore
997 2033 1147 2075 quanto
1171 2023 1382 2062 deteriores
1413 2023 1531 2060 ossen-

201 2108 312 2132 surus
333 2093 384 2131 sis
406 2106 525 2143 quam
548 2092 747 2142 reliquisti.

247 2207 259 2226 1
282 2197 347 2238 Eo]
362 2197 403 2227 Et
420 2196 577 2226 Bit'clteler
653 2196 674 2225 6
691 2200 783 2225 tuum
801 2194 989 2233 Hervagins
1072 2203 1109 2223 10
1133 2192 1301 2229 adlegatio
1320 2189 1508 2228 Allalaspt’na
1524 2199 1531 2217 t

201 2241 325 2279 legatio
344 2240 384 2269 M
518 2249 555 2269 12
580 2239 712 2278 putabis
734 2238 921 2277 Wesenbeaeg
1054 2246 1090 2274 17
1115 2234 1308 2265 offirmatior
1330 2232 1529 2262 Ascensius:

201 2284 392 2314 affirmatiov
412 2282 451 2311 M
558 2293 596 2321 19
620 2287 691 2311 erat
711 2287 742 2311 te
760 2281 823 2311 iarn
843 2291 895 2310 me
914 2279 1030 2310 Lamb.
1139 2288 1180 2317 23
1204 2278 1306 2308 Acad.
1329 2281 1463 2306 nostrae
1481 2280 1531 2305 A:

202 2333 335 2357 nostrae
353 2327 456 2357 Acad.
480 2329 503 2357 Σ
615 2336 655 2363 24
677 2328 863 2364 postquam
882 2322 957 2353 add.
980 2333 1032 2352 me
1053 2322 1154 2352 Orelli
