1773 2651
184 195 302 233 VIII.
327 196 372 231 iii
640 197 695 234 M.
728 197 897 234 TVLLI
930 197 1239 236 CICERONIS

304 307 346 343 P.
371 305 515 345 Clodio
541 320 676 357 augur,
696 306 760 345 ille
787 307 1017 346 restituendi
1040 308 1116 346 mei
1137 321 1255 358 quam
1277 307 1471 348 retinendi
1492 309 1637 349 studio-

303 370 390 419 sior,
422 371 485 409 ille
520 371 743 421 provinciae
782 380 1026 422 propagator,
1060 372 1124 411 ille
1162 373 1337 411 absentis
1378 373 1416 411 in
1451 374 1636 413 omnibus

301 436 467 483 adiutor,
483 436 589 475 idern
611 437 728 475 etiam
746 437 858 476 tertio
879 439 1100 485 consulatu,
1114 446 1326 488 postquam
1347 452 1433 477 esse
1454 440 1637 477 defensor

302 501 355 539 rei
385 502 567 552 publicae
598 502 742 552 coepit,
763 502 969 541 contendit
999 511 1041 540 ut
1071 504 1211 541 decem
1242 503 1387 540 tribuni
1417 505 1467 553 pl.
1495 505 1637 542 ferrent

302 574 343 605 ut
377 567 551 605 absentis
590 567 687 605 ratio
726 568 945 614 haberetur,
978 569 1087 617 quod
1126 567 1231 606 idem
1272 567 1356 618 ipse
1392 568 1518 606 sanxit
1553 570 1636 618 lege
1658 578 1675 609 5

301 633 473 682 quadam
501 646 581 679 sua,
607 634 825 682 Marcoque
848 634 1038 671 Marcello
1065 632 1218 671 consuli
1243 632 1394 671 finienti
1415 633 1637 683 provincias

303 697 449 735 Gallias
485 698 756 736 Kalendarum
793 697 1025 736 Martiarum
1065 697 1129 736 die
1168 697 1433 736 restitit—sed
1465 705 1507 736 ut
1539 699 1636 737 haec

301 762 493 809 omittam,
516 762 613 812 quid
642 762 808 809 foedius,
835 762 931 812 quid
961 762 1223 812 perturbatius
1253 764 1329 801 hoc
1358 763 1409 800 ab
1439 763 1535 801 urbe
1562 763 1635 801 dis-

301 841 414 865 cessu
453 827 534 865 sive
577 827 708 877 potius
747 827 970 877 turpissima
1013 829 1132 878 fuga?
1185 829 1298 876 Quae
1336 827 1521 866 condicio
1555 842 1636 867 non

302 892 534 942 accipienda
572 892 643 930 fuit
678 893 807 942 potius
846 906 965 942 quarn
1005 892 1264 942 relinquenda
1302 892 1456 942 patria?
1505 894 1636 931 Malae
1659 905 1696 927 10

259 957 560 1004 4condiciones
595 965 713 1004 erant,
748 959 881 1005 fateor,
914 959 983 996 sed
1023 972 1117 995 num
1157 957 1253 1008 quid
1286 959 1362 996 hoc
1393 957 1537 1007 peius?
1584 960 1636 996 At

303 1022 535 1072 reciperabit
574 1036 655 1060 rem
695 1023 906 1073 publicam.
976 1024 1180 1071 Quando?
1219 1030 1286 1060 aut
1325 1022 1421 1072 quid
1459 1024 1510 1061 ad
1549 1036 1635 1061 eam

301 1101 412 1137 spem
448 1095 506 1126 est
535 1087 688 1137 parati?
736 1089 829 1126 Non
864 1101 954 1138 ager
984 1087 1154 1126 Picenus
1187 1087 1384 1125 amissus?
1423 1101 1502 1125 non
1533 1095 1637 1137 pate-

300 1155 448 1191 factum
478 1153 549 1191 iter
578 1154 630 1191 ad
662 1153 834 1191 urbem?
872 1167 953 1191 non
983 1153 1152 1203 pecunia
1183 1153 1313 1191 omnis
1343 1160 1381 1191 et
1408 1152 1567 1203 publica
1597 1160 1636 1191 et

300 1218 448 1268 privata
485 1217 708 1256 adversario
747 1217 917 1256 tradita?
971 1217 1155 1268 Denique
1195 1219 1301 1255 nulla
1340 1231 1468 1264 causa,
1505 1219 1636 1256 nullae
1658 1230 1694 1261 15

300 1283 410 1330 vires,
442 1285 549 1321 nulla
583 1285 697 1322 sedes
732 1296 812 1332 quo
851 1290 1086 1321 concurrant
1118 1283 1185 1333 qui
1220 1297 1301 1321 rem
1337 1283 1537 1333 publicam
1572 1284 1636 1322 de-

300 1351 451 1387 fensam
467 1349 598 1387 velint.
654 1348 799 1398 Apulia
819 1350 972 1387 delecta
993 1356 1061 1395 est,
1081 1348 1310 1386 inanissima
1330 1362 1417 1399 pars
1440 1348 1577 1387 Italiae
1597 1356 1636 1387 et

299 1415 350 1453 ab
370 1414 520 1464 impetu
542 1414 657 1452 huius
680 1413 771 1451 belli
793 1413 1078 1460 remotissima3
1113 1414 1203 1463 fuga
1223 1421 1261 1451 et
1282 1413 1476 1451 maritima
1497 1427 1636 1464 oppor-

301 1479 446 1517 tunitas
473 1479 555 1516 visa
575 1478 708 1528 quaeri
729 1478 1014 1528 desperatione.
1076 1478 1204 1516 Invite
1231 1478 1318 1528 cepi
1340 1479 1529 1528 Capuam,
1554 1491 1634 1516 non

300 1557 381 1594 quo
405 1558 548 1582 munus
576 1544 672 1582 illud
700 1545 937 1594 defugerem,
962 1545 1031 1582 sed
1059 1543 1098 1581 in
1125 1558 1171 1582 ea
1198 1557 1315 1582 causa
1342 1543 1381 1581 in
1403 1557 1481 1594 qua
1504 1545 1634 1582 nullus
1656 1555 1694 1576 20

299 1618 401 1648 esset
430 1609 625 1655 ordinum,
656 1611 786 1647 nullus
815 1617 972 1660 apertus
1006 1609 1245 1659 privatorum
1281 1610 1407 1656 dolor,
1436 1609 1632 1647 bonorum

298 1683 430 1713 autem
461 1682 563 1713 esset
592 1674 732 1724 aliquis
767 1675 837 1712 sed
867 1675 1001 1721 hebes,
1025 1683 1067 1712 ut
1099 1676 1207 1721 solet,
1241 1682 1292 1721 et,
1321 1682 1364 1712 ut
1398 1674 1481 1724 ipse
1516 1673 1630 1720 sensi,

300 1748 401 1778 esset
433 1739 646 1778 multitudo
685 1747 723 1778 et
758 1739 916 1778 infimus
949 1739 1116 1790 quisque
1150 1753 1369 1790 propensus
1401 1739 1440 1776 in
1471 1740 1632 1777 alteram

257 1817 281 1856 5
300 1814 462 1856 partem,
490 1804 602 1842 multi
636 1804 864 1843 mutationis
896 1819 1024 1844 rerum
1054 1804 1202 1855 cupidi,
1230 1804 1309 1842 dixi
1339 1804 1413 1854 ipsi
1443 1817 1506 1842 me
1536 1803 1632 1841 nihil

299 1879 572 1921 suscepturum
600 1870 684 1909 sine
708 1870 904 1920 praesidio
931 1878 969 1909 et
994 1870 1077 1909 sine
1104 1869 1282 1920 pecunia.
1344 1871 1484 1919 Itaque
1511 1869 1632 1908 habui
1654 1881 1691 1913 25

297 1936 393 1974 nihil
414 1935 580 1974 omnino
608 1935 753 1985 negoti,
775 1936 883 1985 quod
903 1936 954 1973 ab
975 1935 1088 1973 initio
1109 1935 1188 1973 vidi
1210 1934 1306 1972 nihil
1327 1934 1460 1984 quaeri
1482 1943 1632 1985 praeter

296 2003 438 2051 fugam.
505 2002 605 2038 Earn
639 2000 671 2038 si
707 2014 812 2038 nunc
852 2014 1005 2050 sequor,
1036 2001 1242 2050 quonam?
1291 2000 1394 2039 Cum
1425 1999 1491 2037 illo
1525 2013 1631 2047 non,-

339 2115 357 2134 2
383 2108 584 2144 prorogator
608 2103 672 2134 cod.
694 2103 897 2144 Illaffez'anns
1012 2107 1087 2143 pos!
1110 2103 1265 2133 omnibus
1289 2102 1364 2133 add.
1386 2102 1485 2133 rebus
1506 2101 1630 2133 Wesen-

294 2149 370 2188 berg
477 2159 498 2187 9
523 2148 717 2187 turpissima
742 2147 820 2186 fuga
845 2146 922 2177 M2:
946 2147 1242 2187 turpissimamque
1260 2157 1332 2176 sum
1351 2146 1427 2185 fuga
1453 2145 1535 2176 M1:
1560 2151 1629 2176 tur-

296 2193 434 2231 pissima
451 2191 656 2230 nequissima
677 2191 755 2229 suga
778 2189 958 2229 Hofmamz
1063 2201 1101 2229 19
1128 2191 1237 2220 Invite
1254 2190 1328 2229 cepi
1353 2188 1499 2220 E02M²3
1514 2190 1627 2220 Rom.:

297 2238 367 2266 inte
392 2236 466 2274 cepi
487 2233 645 2265 OlRM12
672 2235 748 2264 Non
774 2235 887 2273 recepi
904 2233 1081 2272 Hofmann
1099 2233 1275 2263 Lehmann
1291 2244 1298 2263 :
1324 2233 1431 2264 Lente
1449 2233 1523 2272 cepi
1540 2232 1629 2263 Mal-

298 2280 344 2308 ler
356 2290 395 2309 ex
410 2279 488 2308 coni.
508 2278 610 2308 Orelli
739 2289 781 2308 20
806 2278 839 2307 in
858 2288 897 2308 ea
915 2287 1016 2307 causa
1034 2277 1151 2307 Lamb.
1173 2288 1179 2306 :
1202 2278 1275 2307 sine
1294 2287 1395 2307 causa
1412 2276 1499 2307 codd.
1519 2288 1525 2306 :
1545 2287 1628 2306 sane

299 2332 435 2352 causam
460 2320 660 2361 Hosmann:
696 2322 852 2351 diffidens
881 2331 1002 2351 causae
1028 2319 1150 2351 Msiller
1279 2330 1328 2358 22,
1346 2330 1387 2359 23
1413 2320 1514 2355 sensi,
1536 2324 1628 2350 esset

301 2366 421 2396 Orelli:
452 2364 637 2395 sensissem
662 2364 747 2395 codd.
780 2365 898 2394 Totum
925 2364 1032 2393 locum
1063 2365 1107 2393 ita
1139 2363 1197 2394 dat
1224 2362 1375 2394 Schmidt
1413 2364 1520 2393 Invite
1552 2363 1627 2402 cepi

298 2411 445 2449 Capuam
474 2418 542 2438 non
569 2419 637 2447 quo
666 2418 786 2438 munus
812 2408 892 2437 illud
910 2407 1120 2446 defugerem,
1139 2407 1198 2437 sed
1218 2408 1309 2446 pacis
1327 2417 1450 2437 causa.
1471 2431 1477 2437 .
1499 2430 1505 2437 .
1526 2407 1623 2437 solet.

298 2453 365 2483 Sed
383 2457 418 2482 ut
437 2453 510 2491 ipse
527 2452 618 2482 sensi
637 2461 735 2490 quam
753 2455 844 2481 esset
862 2450 1039 2481 multitudo
1056 2475 1063 2481 .
1085 2475 1092 2482 .
1112 2475 1118 2481 .
1141 2456 1283 2489 partem,
1302 2461 1399 2489 quam
1418 2450 1510 2480 multi
