1732 2661
736 156 1056 194 PRAEFATIO

230 267 264 299 R
283 282 316 293 =
336 265 462 300 Codex
490 265 678 299 Parisinus
707 266 741 299 in
769 265 994 299 bibliotheca
1021 265 1196 299 nationali
1226 267 1316 309 8538
1343 276 1441 300 anno
1472 275 1561 309 1419

387 324 542 368 scriptus
573 324 663 358 satis
696 325 942 367 neglegenter.
1002 325 1173 357 Continet
1206 326 1300 368 lipp.
1330 324 1377 358 ad
1406 326 1509 359 Brut.
1538 324 1559 367 i,

385 384 429 427 Q.
451 384 523 425 Fr„
545 383 640 425 Oct.,
660 383 737 416 Att.

281 469 321 504 R
355 475 392 505 et
423 469 465 506 P
493 468 647 517 gemelli
682 477 771 505 sunt
805 468 1172 518 interpolationibus
1204 467 1335 506 multis
1367 470 1559 518 inquinati

227 546 323 581 quas
353 534 390 570 in
419 535 593 583 margine
622 533 793 583 parentis
819 533 968 572 codicis
993 548 1077 572 esse
1102 533 1316 583 adscriptas
1339 536 1558 584 putandum

227 605 294 635 est.

228 690 319 724 Rav.
341 706 374 717 =
393 691 520 724 Codex
550 692 749 725 Ravennas
778 691 811 724 in
840 691 1063 726 bibliotheca
1091 693 1275 727 Classensi
1303 694 1349 727 N.
1379 703 1455 737 137.
1480 704 1513 737 4.
1538 705 1557 728 2

383 749 490 783 saecl.
524 749 595 784 xiii.
650 749 826 783 Continet
858 751 954 794 Epp.
986 751 1033 784 ad
1066 752 1166 786 Brut.
1198 751 1206 785 i
1240 751 1376 796 (1—15)‚
1409 753 1454 796 Q.
1485 753 1557 793 Fr„

383 807 478 848 Oct„
506 808 581 841 Att.
610 807 726 849 i.—iii.;
765 808 808 841 iv.
840 817 915 850 1—4‚
948 808 988 842 16
1014 808 1191 853 (partim),
1232 811 1296 855 183
1323 822 1356 844 v.
1387 811 1463 853 1—8‚
1492 821 1556 853 10;

384 863 427 898 ix.
449 875 516 907 2-4
535 870 571 899 et
590 866 622 900 6.
644 863 661 910 ξ
682 876 702 908 4
722 866 768 899 ad
789 866 897 900 finem
917 878 972 911 ep.
993 868 1162 901 Caesaris
1184 868 1242 907 (ix.
1263 869 1345 909 oa).

278 950 428 989 Omnes
460 951 499 989 hi
531 951 689 990 codices
721 953 909 991 exhibent
940 956 1020 991 Att.
1052 953 1072 991 i.
1112 957 1166 993 18.
1202 970 1312 1005 1—19.
1349 971 1404 1003 11,
1438 970 1556 1006 quam

224 1024 371 1064 partein
396 1017 454 1053 M
474 1017 633 1065 omittit,
655 1025 692 1055 et
718 1017 741 1055 ii
764 1018 851 1055 libri
874 1018 939 1068 qui
963 1019 1103 1056 librum
1126 1020 1186 1057 xvi
1209 1020 1413 1059 continent
1436 1022 1558 1071 (prae-

224 1088 280 1118 ter
299 1081 342 1130 π)
365 1081 482 1119 verba
504 1082 651 1120 habent
674 1083 864 1132 epistulae
890 1086 934 1120 16
958 1097 1059 1133 quae
1081 1084 1118 1121 in
1142 1086 1198 1121 M
1211 1087 1364 1123 desunt.

223 1173 314 1208 Ant.
336 1189 369 1200 =
389 1174 517 1208 Codex
536 1175 571 1208 in
591 1174 817 1209 bibliotheca
837 1175 1046 1210 Antoniana
1065 1176 1231 1211 Venetiis
1252 1178 1322 1212 iani
1344 1179 1556 1223 deperditus

379 1243 452 1276 quo
474 1233 683 1277 Malaspina
703 1245 789 1267 usus
809 1240 875 1269 est.

223 1289 304 1322 F=
325 1290 452 1324 Codex
472 1290 603 1325 Faerni
624 1302 696 1336 quo
717 1292 928 1336 Malaspina
946 1304 1033 1326 usus
1051 1300 1118 1327 est.

222 1348 428 1382 Fen-archa
447 1365 479 1376 =
498 1351 741 1394 apographon
774 1362 795 1383 a
825 1351 950 1385 codice
982 1352 1187 1386 Veronensi
1225 1353 1450 1397 descriptum
1485 1364 1555 1397 quo

379 1419 465 1442 usus
485 1415 539 1443 est
560 1409 758 1443 petrarcha
779 1409 813 1442 in
836 1410 1026 1444 ‘Historia
1048 1411 1114 1444 Iuli
1136 1412 1331 1445 Caesaris.’

277 1496 379 1533 Rav.
406 1497 501 1532 Ant.
525 1497 568 1532 F.
596 1497 829 1533 Petrarcllae
859 1497 1104 1546 apographon
1134 1510 1272 1534 omnes
1303 1506 1344 1534 ut
1375 1497 1555 1536 videntur

223 1558 260 1596 in
283 1561 312 1600 Σ
333 1559 508 1609 ponendi
530 1569 630 1598 sunt.

279 1626 337 1662 Ex
358 1629 390 1662 Δ
413 1626 574 1663 deducti
596 1633 685 1662 sunt
706 1626 744 1662 hi
767 1626 924 1664 codices
942 1642 1004 1664 :—

223 1724 320 1758 M:
340 1724 454 1759 codex
491 1725 682 1760 Mediceus
713 1724 794 1758 xlix.
830 1726 869 1759 18
905 1726 981 1760 sine
1016 1725 1128 1760 dubio
1162 1739 1183 1760 a
1217 1727 1420 1761 Veronensi
1456 1734 1553 1762 tran-

382 1782 564 1828 scriptus¹
594 1796 615 1818 a
647 1783 775 1817 scribis
811 1783 954 1818 circiter
989 1785 1160 1819 undecim
1196 1786 1255 1830 qui
1288 1786 1415 1820 Latine
1446 1788 1553 1830 plane

381 1842 595 1876 nesciebant
612 1841 789 1875 mandatu
807 1841 982 1886 Pasquini
997 1843 1043 1876 de
1060 1843 1220 1887 Capellis
1236 1843 1270 1877 in
1284 1855 1388 1877 usum
1404 1844 1552 1878 Colucci

381 1899 550 1943 Salutati,
586 1899 800 1933 Florentini.
853 1900 939 1934 Post
974 1907 1130 1934 mortem
1165 1901 1316 1936 Colucci
1353 1901 1387 1935 in
1422 1913 1553 1935 manus

383 1959 526 1993 Nicolai
565 1958 720 2002 Niccoli‚
757 1965 833 1992 tum
870 1959 1053 1992 Leonardi
1090 1959 1214 2003 Bruni,
1251 1966 1379 2004 postea
1415 1960 1552 1994 Donati

381 2017 570 2060 Acciaioli‚
605 2017 763 2062 denique
798 2017 842 2050 ad
875 2015 1135 2051 bibliothecam
1173 2018 1457 2052 Laurentianam
1493 2017 1554 2051 ubi

381 2075 490 2109 hodie
518 2082 641 2110 restat.
696 2075 746 2108 Hi
772 2074 836 2108 viri
864 2075 961 2109 docti
989 2087 1129 2119 omnes,
1155 2082 1191 2109 ut
1219 2076 1372 2118 videtur,
1397 2076 1552 2109 adnota-

382 2134 501 2169 tiones
521 2133 744 2168 addiderunt
769 2145 860 2178 quas
885 2134 1046 2178 singulas
1069 2133 1264 2178 unicuique
1283 2133 1420 2167 auctori
1440 2133 1553 2167 adtri-

380 2193 492 2227 buere
517 2191 732 2226 doctissime
755 2199 909 2226 conatus
931 2199 985 2226 est
1009 2193 1052 2226 O.
1074 2193 1118 2225 E.
1141 2190 1356 2226 Schmidt²z
1385 2191 1448 2225 secl
1469 2203 1552 2225 cum

270 2286 280 2306 ¹
307 2287 485 2318 Coluccius
515 2287 630 2319 scribit
658 2299 746 2318 anno
779 2298 860 2327 1392
893 2290 999 2319 ‘nunc
1031 2294 1159 2327 quanto
1192 2288 1399 2327 perceperim
1434 2289 1553 2326 gaudio

228 2332 320 2361 Deus
338 2333 434 2362 testis
454 2337 486 2362 te
507 2332 685 2362 Ciceronis
707 2332 868 2371 epistulas
892 2333 932 2362 de
957 2332 1093 2362 Verona
1115 2343 1188 2362 meo
1209 2332 1345 2362 nomine
1368 2333 1553 2371 exemplari

226 2375 390 2405 iussisse.y

270 2418 281 2437 ²
308 2418 343 2448 ln
368 2418 450 2449 libro
475 2419 616 2458 insignis
640 2421 822 2458 doctrinae⁷
844 2419 906 2450 Die
927 2419 1207 2458 handsclzristlsclm
1227 2419 1482 2459 Ucberlz'csernng
1501 2420 1555 2449 der
