1773 2651
122 179 170 216 V.
198 180 274 215 xxi
670 180 782 217 EPP.
815 180 893 216 AD
923 180 1183 218 ATTICVM

243 292 327 330 ὁδοῦ
344 293 534 344 πάρεργον,
549 293 593 329 L.
615 291 808 329 Lucceius
832 293 885 328 M.
903 292 925 328 f.
943 290 1115 340 queritur
1130 291 1236 340 apud
1259 304 1320 328 me
1342 303 1409 340 per
1430 289 1574 328 litteras

242 371 441 395 summum
473 371 558 395 esse
588 357 805 407 periculum
828 370 877 394 ne
905 358 1020 405 culpa
1044 364 1203 394 senatus
1233 355 1293 393 his
1321 356 1487 394 decretis
1515 369 1574 393 res

243 423 293 459 ad
324 422 476 459 tabulas
506 435 627 459 novas
658 420 883 471 perveniat3
922 428 1206 458 commemorat
1237 420 1333 470 quid
1364 420 1457 458 olim
1484 419 1571 458 mali

246 488 289 525 C.
334 487 456 525 Iulius
495 487 627 525 fecerit
667 500 757 525 cum
806 486 1001 524 dieculam
1048 485 1226 533 duxerit3
1265 498 1482 534 numquam
1522 484 1575 522 rei

245 553 426 603 publicae
465 554 561 602 plus.
623 553 701 590 Sed
739 553 790 590 ad
830 565 911 590 rem
951 552 1080 589 redeo.
1155 551 1351 589 Meditare
1389 551 1614 595 adversus5

247 620 411 655 Brutum
433 630 591 655 causam
615 630 758 663 meam>
779 616 810 654 si
831 617 929 654 haec
951 630 1069 654 causa
1090 623 1147 654 est
1172 624 1308 654 contra
1330 629 1449 665 quam
1479 615 1575 652 nihil

246 683 411 720 honeste
432 681 509 720 dici
531 689 674 732 potest,
691 681 917 731 praesertim
935 695 1025 719 cum
1048 681 1238 731 integram
1255 694 1336 719 rem
1359 689 1395 719 et
1418 694 1576 718 causam

246 747 479 796 reliquerim.

184 819 229 857 14
304 812 472 862 Reliqua
493 820 583 849 sunt
608 811 836 850 domestica.
898 814 959 849 De
981 812 1167 864 ἐινδομύχῳ
1188 813 1313 862 probo
1341 812 1446 850 idem
1469 812 1577 861 quod

247 886 299 923 tu,
320 878 545 916 Postumiae
566 877 658 923 filio,
681 876 869 927 quoniam
894 877 1077 916 Pontidia
1099 886 1274 928 nugatur.
1337 878 1414 915 Sed
1436 878 1576 914 vellem
1600 892 1637 913 ιο

243 944 413 981 adesses.
473 945 509 980 A
540 943 692 992 Quinto
722 944 836 980 fratre
866 942 926 980 his
958 943 1160 981 mensibus
1191 942 1287 980 nihil
1319 941 1577 992 exspectaris:

245 1022 335 1046 nam
353 1010 506 1046 Taurus
528 1017 686 1058 propter
702 1008 810 1046 nives
830 1017 922 1046 ante
946 1022 1122 1046 mensem
1143 1007 1303 1045 Iunium
1324 1005 1475 1044 transiri
1497 1019 1576 1043 non

246 1082 387 1123 potest.
458 1075 688 1120 Thermum,
730 1082 772 1112 ut
812 1088 937 1123 rogas,
978 1072 1222 1112 creberrimis
1262 1071 1397 1110 litteris
1445 1071 1573 1109 fulcio.

246 1141 286 1176 P.
310 1138 510 1177 Valerium
533 1147 647 1188 negat
670 1140 814 1177 habere
843 1139 1056 1189 quicquam
1084 1137 1294 1176 Deiotarus
1315 1150 1380 1175 rex
1407 1149 1577 1185 eumque

242 1204 295 1242 ait
311 1218 335 1241 α
352 1218 392 1242 se
407 1204 625 1242 sustentari.
671 1206 775 1243 Cum
797 1203 895 1242 scies
915 1206 1068 1242 Romae
1085 1203 1356 1241 intercalatum
1374 1201 1421 1239 sit
1438 1214 1577 1247 necne,
1601 1216 1636 1247 15

243 1269 357 1307 velim
388 1271 438 1307 ad
464 1283 527 1308 me
558 1270 704 1308 scribas
735 1278 883 1308 certum
915 1283 995 1318 quo
1025 1268 1089 1307 die
1120 1267 1301 1318 mysteria
1330 1268 1458 1305 futura
1489 1266 1574 1304 sint.

245 1334 409 1372 Litteras
440 1343 525 1373 tuas
556 1334 686 1373 minus
717 1336 836 1384 paulo
867 1342 1051 1384 exspecto
1081 1346 1200 1383 quam
1229 1332 1260 1370 si
1289 1333 1442 1370 Romae
1473 1344 1577 1369 esses

242 1402 311 1439 sed
343 1409 474 1439 tamen
506 1409 702 1451 exspecto,

290 1515 301 1534 Ι
333 1506 356 1535 L
375 1505 449 1535 add.
471 1505 600 1534 Ellendt
731 1517 749 1543 4
776 1504 910 1534 duxerit
939 1502 1124 1534 Com-ndns:
1151 1501 1274 1533 dixerit
1299 1501 1361 1530 M:
1387 1500 1577 1540 prodixerit

244 1549 342 1579 Klots
521 1559 558 1587 15
583 1559 601 1578 a
628 1547 704 1579 add.
733 1548 913 1577 Asfensfus
1083 1545 1267 1576 sustentari
1287 1545 1346 1576 M:
1397 1555 1454 1574 are
1473 1544 1572 1574 Rom.

245 1595 287 1666 ἑὸ
311 1593 436 1622 scribas
461 1597 495 1622 ut
521 1598 648 1622 certum
681 1592 785 1622 sciam
818 1590 912 1629 Boot,
945 1590 1002 1620 sed
1026 1591 1062 1629 cf
1099 1589 1202 1620 Acad.
1240 1589 1271 1619 ii.
1304 1599 1356 1628 92,
1394 1587 1486 1618 Orat.
1515 1593 1578 1627 pro

276 1646 371 1666 sauro
387 1646 427 1674 34
