1732 2661
150 165 202 201 II.
223 165 282 201 xii
562 166 617 203 M.
650 167 817 203 TVLLI
850 167 1157 205 CICERONIS

197 276 378 322 salutem,
400 276 458 314 καὶ
489 277 652 326 Κικέρων
676 279 696 315 ὁ
720 278 936 325 φιλόσοφος
962 278 1025 316 τὸν
1053 278 1245 316 πολιτικὸν
1273 278 1382 317 Τίτον
1410 279 1528 316 ἀσπά-

193 341 301 386 ζεται.

235 459 353 494 XIII
399 464 467 494 Ser.
489 464 520 494 z'n
540 463 720 493 Fornu'ano
739 475 772 493 m
801 464 884 504 Apr.
907 464 974 494 circ.
996 474 1015 493 v
1036 464 1077 494 K.
1100 463 1180 495 Mai.
1201 475 1230 495 a.
1253 465 1311 505 695
1330 464 1415 506 (59).

600 547 775 577 CICERO
810 546 982 576 ATTICO
1014 546 1111 577 SAL.

158 647 174 673 1
249 632 416 670 Facinus
447 632 677 682 indignum!
709 632 916 682 epistulam
947 633 1101 682 αὐθωρεὶ
1130 632 1200 671 tibi
1227 647 1250 670 a
1278 632 1422 670 Tribus
1452 633 1526 670 Ta-

195 697 324 735 bernis
359 696 585 746 rescriptam
618 698 668 735 ad
704 705 789 735 tuas
822 697 1071 736 suavissimas
1103 697 1289 747 epistulas
1324 696 1523 735 neminem

192 763 410 801 reddidisse
428 766 433 800 ἶ
482 765 534 800 At
556 763 654 800 scito
675 776 764 801 eum
787 762 1027 809 fasciculum,
1048 776 1127 812 quo
1144 762 1249 800 illam
1266 762 1522 807 conieceram,

193 830 358 866 domum
386 842 433 866 eo
461 828 546 878 ipso
574 828 638 866 die
665 829 787 865 latum
809 841 893 866 esse
915 842 994 877 quo
1015 841 1088 877 ego
1109 829 1295 866 dederam
1320 835 1357 865 et
1384 828 1434 865 ad
1463 841 1526 865 me

194 893 232 930 in
267 892 520 931 Formianum
551 893 715 930 relatum
747 906 841 930 esse.
904 894 1044 942 Itaque
1076 892 1146 930 tibi
1178 900 1284 930 tuam
1318 891 1524 941 epistularu

194 958 286 996 iussi
308 958 447 1003 referri,
472 971 518 995 ex
545 971 623 1007 qua
651 957 894 1006 intellegeres
917 971 1035 1006 quam
1064 957 1160 994 mihi
1182 964 1265 994 tum
1287 956 1374 994 illae
1394 963 1524 1005 gratae

150 1035 174 1061 2
194 1023 366 1061 fuissent.
429 1025 583 1061 Romae
613 1023 721 1072 quod
752 1022 887 1060 scribis
916 1022 1027 1069 sileri,
1058 1022 1111 1060 ita
1137 1022 1350 1072 putabam;
1378 1029 1417 1058 at
1444 1022 1526 1058 her-

194 1089 280 1126 cule
306 1087 344 1125 in
371 1087 470 1137 agris
502 1101 582 1125 non
611 1087 753 1133 siletur,
778 1100 851 1125 nec
873 1087 950 1124 iam
972 1086 1045 1136 ipsi
1065 1086 1145 1136 agri
1171 1100 1332 1136 regnum
1354 1093 1524 1123 vestrum

192 1154 288 1190 ferre
317 1159 491 1202 possunt.
552 1152 591 1190 Si
620 1165 711 1190 vero
736 1151 775 1188 in
801 1152 902 1189 hanc
927 1153 1149 1201 Τηλέπυλον
1170 1150 1319 1189 veneris
1346 1155 1526 1200 Λαιστρυ-

191 1219 329 1269 γονίην,
362 1217 535 1254 Formias
565 1216 666 1261 dico,
700 1216 767 1266 qui
798 1216 973 1254 fremitus
1009 1216 1242 1254 hominum!
1282 1228 1400 1265 quam
1440 1214 1524 1252 irati

191 1282 334 1320 animi!
370 1290 519 1331 quanto
551 1281 590 1319 in
623 1281 718 1319 odio
748 1289 880 1319 noster
909 1280 1058 1319 amicus
1091 1282 1286 1330 Magnus!
1321 1279 1432 1317 cuius
1462 1292 1523 1317 co—

191 1361 362 1396 gnomen
402 1361 481 1385 una
519 1360 610 1384 cum
647 1345 776 1385 Crassi
814 1345 956 1383 Divitis
991 1345 1228 1395 cognomine
1263 1344 1520 1382 consenescit.

193 1413 340 1451 Credas
365 1412 460 1449 mihi
491 1411 617 1457 velim,
652 1411 851 1449 neminem
885 1412 1016 1449 adhuc
1045 1410 1192 1448 offendi
1224 1409 1291 1459 qui
1321 1410 1419 1447 haec
1443 1417 1522 1446 tam

192 1479 295 1515 lente
324 1490 442 1526 quam
473 1490 546 1526 ego
576 1478 657 1515 fero
689 1478 811 1514 ferret.
873 1478 963 1525 Qua
998 1489 1048 1522 re,
1082 1475 1178 1513 mihi
1209 1475 1334 1521 crede,
1368 1478 1524 1523 φιλοσο-

192 1546 328 1591 φῶμεν.
391 1543 544 1579 Iuratus
566 1541 636 1579 tibi
658 1555 818 1591 possum
845 1540 975 1579 dicere
1001 1540 1097 1578 nihil
1126 1553 1210 1578 esse
1238 1539 1344 1577 tanti.
1404 1541 1467 1577 Tu
1492 1539 1522 1577 si

191 1608 335 1648 litteras
373 1609 423 1645 ad
458 1607 662 1656 Sicyonios
697 1607 830 1652 habes,
863 1607 1004 1644 advola
1039 1605 1078 1643 in
1115 1604 1378 1651 Formianum,
1416 1605 1523 1642 unde

192 1685 263 1710 nos
284 1671 408 1722 pridie
430 1672 567 1710 Nonas
591 1671 717 1709 Maias
740 1670 966 1721 cogitamus

233 1791 343 1826 XIV
438 1794 508 1826 Scr.
531 1795 564 1824 in
584 1795 760 1825 Formiano
777 1796 843 1826 circ.
865 1797 895 1825 iv
914 1795 955 1826 K.
979 1795 1058 1827 Μαί,
1080 1806 1110 1826 a.
1126 1796 1183 1835 695
1202 1796 1286 1836 (59).

599 1880 774 1911 CICERO
808 1881 978 1912 ATTICO
1013 1880 1110 1911 SAL.

153 1974 171 2002 1
245 1964 444 2012 Quantam
485 1971 526 2001 tu
566 1963 662 2001 mihi
704 1978 838 2003 moves
879 1964 1211 2016 exspectationem
1252 1965 1301 2002 de
1340 1975 1520 2001 sermone

192 2028 335 2071 Bibuli,
359 2036 546 2077 quantam
578 2030 628 2067 de
658 2030 858 2080 colloquio
887 2031 1083 2079 βοώπιδος,
1113 2037 1300 2080 quantam
1328 2027 1445 2066 etiam
1470 2028 1520 2065 de

190 2093 256 2131 illo
285 2093 454 2131 delicato
484 2094 688 2133 convivio!
762 2096 932 2135 Proinde
963 2096 1015 2134 ita
1043 2097 1102 2134 sac
1133 2094 1265 2133 venias
1295 2099 1339 2130 211⁴
1365 2094 1415 2131 ad
1445 2092 1520 2130 siti-

189 2158 289 2196 entis
310 2158 423 2195 auris.
468 2160 722 2210 Quamquam
743 2161 838 2198 nihil
863 2169 919 2199 est
941 2160 1017 2198 iam
1035 2160 1143 2210 quod
1161 2158 1281 2207 magis
1299 2157 1519 2195 timendum

190 2222 304 2260 nobis
325 2232 459 2273 putem
482 2238 600 2274 quam
632 2240 680 2264 ne
709 2225 773 2264 ille
803 2233 934 2263 noster
962 2224 1304 2274 Sampsiceramus,
1329 2235 1451 2271 quom
1479 2235 1519 2259 se

189 2288 366 2325 omnium
395 2290 642 2328 sermonibus
669 2290 809 2328 sentiet
831 2291 1012 2339 vapulare
1040 2296 1077 2327 et
1105 2301 1225 2338 quom
1253 2288 1322 2324 has
1343 2286 1518 2325 actiones

233 2400 276 2421 20
299 2391 426 2421 litteras
451 2392 492 2422 ad
520 2391 698 2430 Sicyonios
731 2395 788 2422 Σεῖ
829 2391 869 2421 ad
897 2390 962 2420 Sic.
984 2390 1112 2420 litteras
1136 2387 1177 2418 M
1305 2390 1346 2417 26
1371 2387 1430 2427 ita]
1450 2388 1517 2418 cito

188 2432 345 2473 Pluygers
445 2440 478 2464 ut
497 2436 536 2464 ad
561 2435 758 2465 Vdalln'nns:
784 2435 878 2473 quasi
896 2434 938 2464 ad
954 2432 1076 2462 Mz'iller
1192 2433 1232 2461 28
1256 2442 1356 2470 quom
1376 2431 1514 2461 Mriller:

188 2487 261 2506 cum
282 2478 367 2517 vulg.
387 2489 391 2506 :
419 2488 516 2516 quem
537 2477 577 2506 M

1549 972 1586 993 10

1547 1296 1583 1328 15

1544 1621 1583 1642 20
