<?xml version="1.0" encoding="UTF-8"?>
<!DOCTYPE html PUBLIC "-//W3C//DTD XHTML 1.0 Transitional//EN"
    "http://www.w3.org/TR/xhtml1/DTD/xhtml1-transitional.dtd">
<html xmlns="http://www.w3.org/1999/xhtml" xml:lang="en" lang="en">
 <head>
  <title>
</title>
<meta http-equiv="Content-Type" content="text/html;charset=utf-8" />
  <meta name='ocr-system' content='tesseract 3.04.00' />
  <meta name='ocr-capabilities' content='ocr_page ocr_carea ocr_par ocr_line ocrx_word'/>
</head>
<body>
  <div class='ocr_page' id='page_1' title='image "./p1epistulaerecog02ciceuoft_0286.png"; bbox 0 0 1773 2651; ppageno 0'>
   <div class='ocr_carea' id='block_1_1' title="bbox 170 190 1233 229">
    <p class='ocr_par' dir='ltr' id='par_1_1' title="bbox 170 190 1233 229">
     <span class='ocr_line' id='line_1_1' title="bbox 170 190 1233 229; baseline 0.004 -4"><span class='ocrx_word' id='word_1_1' title='bbox 170 190 287 226; x_wconf 82' lang='lat' dir='ltr'>VIII.</span> <span class='ocrx_word' id='word_1_2' title='bbox 307 190 367 226; x_wconf 87' lang='lat' dir='ltr'>xii</span> <span class='ocrx_word' id='word_1_3' title='bbox 639 192 693 228; x_wconf 88' lang='lat' dir='ltr'>M.</span> <span class='ocrx_word' id='word_1_4' title='bbox 727 192 895 228; x_wconf 82' lang='lat' dir='ltr'>TVLLI</span> <span class='ocrx_word' id='word_1_5' title='bbox 927 191 1233 229; x_wconf 87' lang='lat' dir='ltr'>CICERONIS</span> 
     </span>
    </p>
   </div>
   <div class='ocr_carea' id='block_1_2' title="bbox 223 302 1664 2112">
    <p class='ocr_par' dir='ltr' id='par_1_2' title="bbox 265 302 1637 675">
     <span class='ocr_line' id='line_1_2' title="bbox 265 302 1596 352; baseline 0 -12"><span class='ocrx_word' id='word_1_6' title='bbox 265 302 348 352; x_wconf 89' lang='lat' dir='ltr'>ipse</span> <span class='ocrx_word' id='word_1_7' title='bbox 378 316 442 340; x_wconf 83' lang='lat' dir='ltr'>eas</span> <span class='ocrx_word' id='word_1_8' title='bbox 470 302 615 340; x_wconf 76' lang='lat' dir='ltr'>litteras</span> <span class='ocrx_word' id='word_1_9' title='bbox 645 316 809 352; x_wconf 87' lang='lat' dir='ltr'>quarum</span> <span class='ocrx_word' id='word_1_10' title='bbox 841 302 1160 340; x_wconf 71' lang='lat' dir='ltr'>vaticinationem</span> <span class='ocrx_word' id='word_1_11' title='bbox 1192 303 1327 340; x_wconf 87' lang='lat' dir='ltr'>falsam</span> <span class='ocrx_word' id='word_1_12' title='bbox 1355 315 1440 341; x_wconf 90' lang='lat' dir='ltr'>esse</span> <span class='ocrx_word' id='word_1_13' title='bbox 1470 302 1596 352; x_wconf 92' lang='lat' dir='ltr'>cupio.</span> 
     </span>
     <span class='ocr_line' id='line_1_3' title="bbox 268 367 1600 417; baseline 0 -13"><span class='ocrx_word' id='word_1_14' title='bbox 268 367 398 405; x_wconf 86' lang='lat' dir='ltr'>Huius</span> <span class='ocrx_word' id='word_1_15' title='bbox 428 376 559 405; x_wconf 89' lang='lat' dir='ltr'>autem</span> <span class='ocrx_word' id='word_1_16' title='bbox 588 367 776 417; x_wconf 77' lang='lat' dir='ltr'>epistulae</span> <span class='ocrx_word' id='word_1_17' title='bbox 802 381 881 405; x_wconf 92' lang='lat' dir='ltr'>non</span> <span class='ocrx_word' id='word_1_18' title='bbox 912 369 1038 405; x_wconf 83' lang='lat' dir='ltr'>solum</span> <span class='ocrx_word' id='word_1_19' title='bbox 1068 382 1113 406; x_wconf 87' lang='lat' dir='ltr'>ea</span> <span class='ocrx_word' id='word_1_20' title='bbox 1139 381 1257 405; x_wconf 86' lang='lat' dir='ltr'>causa</span> <span class='ocrx_word' id='word_1_21' title='bbox 1284 375 1341 405; x_wconf 89' lang='lat' dir='ltr'>est</span> <span class='ocrx_word' id='word_1_22' title='bbox 1369 375 1409 405; x_wconf 90' lang='lat' dir='ltr'>ut</span> <span class='ocrx_word' id='word_1_23' title='bbox 1437 381 1486 405; x_wconf 89' lang='lat' dir='ltr'>ne</span> <span class='ocrx_word' id='word_1_24' title='bbox 1514 367 1600 416; x_wconf 82' lang='lat' dir='ltr'>quis</span> 
     </span>
     <span class='ocr_line' id='line_1_4' title="bbox 265 432 1600 481; baseline 0.001 -12"><span class='ocrx_word' id='word_1_25' title='bbox 265 446 287 470; x_wconf 84' lang='lat' dir='ltr'>a</span> <span class='ocrx_word' id='word_1_26' title='bbox 318 446 380 470; x_wconf 91' lang='lat' dir='ltr'>me</span> <span class='ocrx_word' id='word_1_27' title='bbox 410 432 493 471; x_wconf 89' lang='lat' dir='ltr'>dies</span> <span class='ocrx_word' id='word_1_28' title='bbox 524 432 799 470; x_wconf 86' lang='lat' dir='ltr'>intermittatur</span> <span class='ocrx_word' id='word_1_29' title='bbox 826 432 920 481; x_wconf 89' lang='lat' dir='ltr'>quin</span> <span class='ocrx_word' id='word_1_30' title='bbox 948 433 1039 470; x_wconf 89' lang='lat' dir='ltr'>dem</span> <span class='ocrx_word' id='word_1_31' title='bbox 1067 433 1118 470; x_wconf 91' lang='lat' dir='ltr'>ad</span> <span class='ocrx_word' id='word_1_32' title='bbox 1148 440 1185 470; x_wconf 90' lang='lat' dir='ltr'>te</span> <span class='ocrx_word' id='word_1_33' title='bbox 1212 432 1356 470; x_wconf 79' lang='lat' dir='ltr'>litteras</span> <span class='ocrx_word' id='word_1_34' title='bbox 1387 433 1457 470; x_wconf 90' lang='lat' dir='ltr'>sed</span> <span class='ocrx_word' id='word_1_35' title='bbox 1483 432 1600 470; x_wconf 90' lang='lat' dir='ltr'>etiarn</span> 
     </span>
     <span class='ocr_line' id='line_1_5' title="bbox 267 497 1601 547; baseline -0.001 -12"><span class='ocrx_word' id='word_1_36' title='bbox 267 499 364 535; x_wconf 88' lang='lat' dir='ltr'>haec</span> <span class='ocrx_word' id='word_1_37' title='bbox 396 497 541 545; x_wconf 87' lang='lat' dir='ltr'>iustior,</span> <span class='ocrx_word' id='word_1_38' title='bbox 574 505 615 535; x_wconf 91' lang='lat' dir='ltr'>ut</span> <span class='ocrx_word' id='word_1_39' title='bbox 645 511 666 535; x_wconf 91' lang='lat' dir='ltr'>a</span> <span class='ocrx_word' id='word_1_40' title='bbox 697 506 733 535; x_wconf 89' lang='lat' dir='ltr'>te</span> <span class='ocrx_word' id='word_1_41' title='bbox 764 497 1011 547; x_wconf 83' lang='lat' dir='ltr'>impetrarem</span> <span class='ocrx_word' id='word_1_42' title='bbox 1043 505 1083 535; x_wconf 91' lang='lat' dir='ltr'>ut</span> <span class='ocrx_word' id='word_1_43' title='bbox 1119 510 1291 536; x_wconf 85' lang='lat' dir='ltr'>sumeres</span> <span class='ocrx_word' id='word_1_44' title='bbox 1326 497 1476 547; x_wconf 89' lang='lat' dir='ltr'>aliquid</span> <span class='ocrx_word' id='word_1_45' title='bbox 1507 505 1601 535; x_wconf 90' lang='lat' dir='ltr'>tem-</span> 
     </span>
     <span class='ocr_line' id='line_1_6' title="bbox 267 560 1637 613; baseline -0.001 -12"><span class='ocrx_word' id='word_1_46' title='bbox 267 563 370 613; x_wconf 87' lang='lat' dir='ltr'>poris</span> <span class='ocrx_word' id='word_1_47' title='bbox 394 564 526 612; x_wconf 80' lang='lat' dir='ltr'>†quod</span> <span class='ocrx_word' id='word_1_48' title='bbox 547 563 617 601; x_wconf 90' lang='lat' dir='ltr'>tibi</span> <span class='ocrx_word' id='word_1_49' title='bbox 647 570 684 600; x_wconf 89' lang='lat' dir='ltr'>et</span> <span class='ocrx_word' id='word_1_50' title='bbox 709 562 826 612; x_wconf 88' lang='lat' dir='ltr'>quia†</span> <span class='ocrx_word' id='word_1_51' title='bbox 845 562 1054 612; x_wconf 78' lang='lat' dir='ltr'>perexiguo</span> <span class='ocrx_word' id='word_1_52' title='bbox 1082 576 1180 612; x_wconf 89' lang='lat' dir='ltr'>opus</span> <span class='ocrx_word' id='word_1_53' title='bbox 1209 570 1277 608; x_wconf 80' lang='lat' dir='ltr'>est,</span> <span class='ocrx_word' id='word_1_54' title='bbox 1301 561 1483 612; x_wconf 73' lang='lat' dir='ltr'>explicari</span> <span class='ocrx_word' id='word_1_55' title='bbox 1504 560 1598 599; x_wconf 87' lang='lat' dir='ltr'>mihi</span> <span class='ocrx_word' id='word_1_56' title='bbox 1621 571 1637 603; x_wconf 88' lang='lat'><strong><em>5</em></strong></span> 
     </span>
     <span class='ocr_line' id='line_1_7' title="bbox 267 624 1365 675; baseline -0.001 -13"><span class='ocrx_word' id='word_1_57' title='bbox 267 633 378 663; x_wconf 89' lang='lat' dir='ltr'>tuum</span> <span class='ocrx_word' id='word_1_58' title='bbox 400 626 607 664; x_wconf 88' lang='lat' dir='ltr'>consilium</span> <span class='ocrx_word' id='word_1_59' title='bbox 630 627 745 675; x_wconf 88' lang='lat' dir='ltr'>plane</span> <span class='ocrx_word' id='word_1_60' title='bbox 766 627 866 672; x_wconf 86' lang='lat' dir='ltr'>volo,</span> <span class='ocrx_word' id='word_1_61' title='bbox 891 633 932 664; x_wconf 89' lang='lat' dir='ltr'>ut</span> <span class='ocrx_word' id='word_1_62' title='bbox 953 624 1108 675; x_wconf 85' lang='lat' dir='ltr'>penitus</span> <span class='ocrx_word' id='word_1_63' title='bbox 1130 625 1365 674; x_wconf 78' lang='lat' dir='ltr'>intellegam.</span> 
     </span>
    </p>

    <p class='ocr_par' dir='ltr' id='par_1_3' title="bbox 223 690 1662 1131">
     <span class='ocr_line' id='line_1_8' title="bbox 223 690 1600 741; baseline -0.002 -11"><span class='ocrx_word' id='word_1_64' title='bbox 223 704 246 730; x_wconf 85' lang='lat'><strong>2</strong></span> <span class='ocrx_word' id='word_1_65' title='bbox 322 691 467 730; x_wconf 87' lang='lat' dir='ltr'>Omnia</span> <span class='ocrx_word' id='word_1_66' title='bbox 489 699 578 729; x_wconf 89' lang='lat' dir='ltr'>sunt</span> <span class='ocrx_word' id='word_1_67' title='bbox 600 691 747 741; x_wconf 84' lang='lat' dir='ltr'>integra</span> <span class='ocrx_word' id='word_1_68' title='bbox 769 691 911 737; x_wconf 85' lang='lat' dir='ltr'>nobis:</span> <span class='ocrx_word' id='word_1_69' title='bbox 941 691 1037 728; x_wconf 84' lang='lat' dir='ltr'>nihil</span> <span class='ocrx_word' id='word_1_70' title='bbox 1065 690 1382 740; x_wconf 89' lang='lat' dir='ltr'>praetermissum</span> <span class='ocrx_word' id='word_1_71' title='bbox 1410 697 1467 728; x_wconf 92' lang='lat' dir='ltr'>est</span> <span class='ocrx_word' id='word_1_72' title='bbox 1492 690 1600 738; x_wconf 89' lang='lat' dir='ltr'>quod</span> 
     </span>
     <span class='ocr_line' id='line_1_9' title="bbox 268 754 1598 806; baseline -0.002 -12"><span class='ocrx_word' id='word_1_73' title='bbox 268 770 347 794; x_wconf 92' lang='lat' dir='ltr'>non</span> <span class='ocrx_word' id='word_1_74' title='bbox 368 757 511 794; x_wconf 84' lang='lat' dir='ltr'>habeat</span> <span class='ocrx_word' id='word_1_75' title='bbox 533 756 749 806; x_wconf 85' lang='lat' dir='ltr'>sapientem</span> <span class='ocrx_word' id='word_1_76' title='bbox 771 755 1074 801; x_wconf 75' lang='lat' dir='ltr'>excusationem,</span> <span class='ocrx_word' id='word_1_77' title='bbox 1099 769 1178 793; x_wconf 89' lang='lat' dir='ltr'>non</span> <span class='ocrx_word' id='word_1_78' title='bbox 1200 756 1321 793; x_wconf 90' lang='lat' dir='ltr'>modo</span> <span class='ocrx_word' id='word_1_79' title='bbox 1342 754 1598 804; x_wconf 87' lang='lat' dir='ltr'>probabilem.</span> 
     </span>
     <span class='ocr_line' id='line_1_10' title="bbox 269 820 1600 871; baseline -0.002 -12"><span class='ocrx_word' id='word_1_80' title='bbox 269 823 372 859; x_wconf 91' lang='lat' dir='ltr'>Nam</span> <span class='ocrx_word' id='word_1_81' title='bbox 393 830 497 860; x_wconf 89' lang='lat' dir='ltr'>certe</span> <span class='ocrx_word' id='word_1_82' title='bbox 518 835 647 871; x_wconf 88' lang='lat' dir='ltr'>neque</span> <span class='ocrx_word' id='word_1_83' title='bbox 668 830 751 859; x_wconf 92' lang='lat' dir='ltr'>tum</span> <span class='ocrx_word' id='word_1_84' title='bbox 773 821 931 871; x_wconf 81' lang='lat' dir='ltr'>peccavi</span> <span class='ocrx_word' id='word_1_85' title='bbox 952 834 1043 859; x_wconf 90' lang='lat' dir='ltr'>cum</span> <span class='ocrx_word' id='word_1_86' title='bbox 1071 821 1300 870; x_wconf 89' lang='lat' dir='ltr'>imperatam</span> <span class='ocrx_word' id='word_1_87' title='bbox 1322 820 1399 857; x_wconf 88' lang='lat' dir='ltr'>iam</span> <span class='ocrx_word' id='word_1_88' title='bbox 1422 821 1600 869; x_wconf 83' lang='lat' dir='ltr'>Capuam</span> 
     </span>
     <span class='ocr_line' id='line_1_11' title="bbox 269 884 1662 937; baseline -0.003 -12"><span class='ocrx_word' id='word_1_89' title='bbox 269 901 349 925; x_wconf 86' lang='lat' dir='ltr'>non</span> <span class='ocrx_word' id='word_1_90' title='bbox 377 889 503 925; x_wconf 87' lang='lat' dir='ltr'>solum</span> <span class='ocrx_word' id='word_1_91' title='bbox 534 887 710 937; x_wconf 79' lang='lat' dir='ltr'>ignaviae</span> <span class='ocrx_word' id='word_1_92' title='bbox 740 886 926 924; x_wconf 88' lang='lat' dir='ltr'>delictum</span> <span class='ocrx_word' id='word_1_93' title='bbox 958 887 1026 924; x_wconf 88' lang='lat' dir='ltr'>sed</span> <span class='ocrx_word' id='word_1_94' title='bbox 1055 886 1172 924; x_wconf 88' lang='lat' dir='ltr'>etiam</span> <span class='ocrx_word' id='word_1_95' title='bbox 1203 885 1389 935; x_wconf 85' lang='lat' dir='ltr'>perfidiae</span> <span class='ocrx_word' id='word_1_96' title='bbox 1417 884 1601 934; x_wconf 90' lang='lat' dir='ltr'>suspicio·</span> <span class='ocrx_word' id='word_1_97' title='bbox 1624 900 1662 922; x_wconf 91' lang='lat'>10</span> 
     </span>
     <span class='ocr_line' id='line_1_12' title="bbox 270 949 1601 1002; baseline -0.002 -14"><span class='ocrx_word' id='word_1_98' title='bbox 270 965 360 989; x_wconf 85' lang='lat' dir='ltr'>nem</span> <span class='ocrx_word' id='word_1_99' title='bbox 393 952 543 1001; x_wconf 81' lang='lat' dir='ltr'>fugiens</span> <span class='ocrx_word' id='word_1_100' title='bbox 577 952 754 1002; x_wconf 88' lang='lat' dir='ltr'>accipere</span> <span class='ocrx_word' id='word_1_101' title='bbox 788 951 907 998; x_wconf 87' lang='lat' dir='ltr'>nolui,</span> <span class='ocrx_word' id='word_1_102' title='bbox 941 965 1069 1001; x_wconf 87' lang='lat' dir='ltr'>neque</span> <span class='ocrx_word' id='word_1_103' title='bbox 1101 965 1190 989; x_wconf 87' lang='lat' dir='ltr'>cum</span> <span class='ocrx_word' id='word_1_104' title='bbox 1227 958 1315 1001; x_wconf 90' lang='lat' dir='ltr'>post</span> <span class='ocrx_word' id='word_1_105' title='bbox 1346 949 1601 988; x_wconf 84' lang='lat' dir='ltr'>condiciones</span> 
     </span>
     <span class='ocr_line' id='line_1_13' title="bbox 270 1014 1603 1067; baseline -0.003 -12"><span class='ocrx_word' id='word_1_106' title='bbox 270 1017 376 1067; x_wconf 85' lang='lat' dir='ltr'>pacis</span> <span class='ocrx_word' id='word_1_107' title='bbox 415 1031 482 1067; x_wconf 89' lang='lat' dir='ltr'>per</span> <span class='ocrx_word' id='word_1_108' title='bbox 522 1019 563 1055; x_wconf 90' lang='lat' dir='ltr'>L.</span> <span class='ocrx_word' id='word_1_109' title='bbox 606 1019 815 1056; x_wconf 83' lang='lat' dir='ltr'>Caesarem</span> <span class='ocrx_word' id='word_1_110' title='bbox 855 1024 891 1054; x_wconf 92' lang='lat' dir='ltr'>et</span> <span class='ocrx_word' id='word_1_111' title='bbox 930 1019 975 1054; x_wconf 85' lang='lat' dir='ltr'>L.</span> <span class='ocrx_word' id='word_1_112' title='bbox 1012 1017 1204 1054; x_wconf 80' lang='lat' dir='ltr'>Fabatum</span> <span class='ocrx_word' id='word_1_113' title='bbox 1243 1017 1392 1054; x_wconf 86' lang='lat' dir='ltr'>adlatas</span> <span class='ocrx_word' id='word_1_114' title='bbox 1431 1014 1514 1052; x_wconf 77' lang='lat' dir='ltr'>cavi</span> <span class='ocrx_word' id='word_1_115' title='bbox 1553 1028 1603 1051; x_wconf 84' lang='lat' dir='ltr'>ne</span> 
     </span>
     <span class='ocr_line' id='line_1_14' title="bbox 270 1081 1603 1131; baseline -0.002 -13"><span class='ocrx_word' id='word_1_116' title='bbox 270 1082 445 1119; x_wconf 86' lang='lat' dir='ltr'>animum</span> <span class='ocrx_word' id='word_1_117' title='bbox 468 1081 549 1120; x_wconf 89' lang='lat' dir='ltr'>eius</span> <span class='ocrx_word' id='word_1_118' title='bbox 571 1083 812 1120; x_wconf 84' lang='lat' dir='ltr'>offenderem</span> <span class='ocrx_word' id='word_1_119' title='bbox 840 1081 902 1119; x_wconf 89' lang='lat' dir='ltr'>cui</span> <span class='ocrx_word' id='word_1_120' title='bbox 926 1081 1136 1131; x_wconf 87' lang='lat' dir='ltr'>Pompeius</span> <span class='ocrx_word' id='word_1_121' title='bbox 1158 1081 1235 1118; x_wconf 87' lang='lat' dir='ltr'>iam</span> <span class='ocrx_word' id='word_1_122' title='bbox 1262 1088 1433 1118; x_wconf 85' lang='lat' dir='ltr'>armatus</span> <span class='ocrx_word' id='word_1_123' title='bbox 1453 1086 1603 1117; x_wconf 87' lang='lat' dir='ltr'>armato</span> 
     </span>
    </p>

    <p class='ocr_par' dir='ltr' id='par_1_4' title="bbox 228 1147 1664 1642">
     <span class='ocr_line' id='line_1_15' title="bbox 228 1147 1604 1197; baseline -0.002 -12"><span class='ocrx_word' id='word_1_124' title='bbox 228 1148 519 1196; x_wconf 86' lang='lat' dir='ltr'>3consulatum</span> <span class='ocrx_word' id='word_1_125' title='bbox 558 1147 880 1197; x_wconf 86' lang='lat' dir='ltr'>triumphumque</span> <span class='ocrx_word' id='word_1_126' title='bbox 918 1148 1094 1184; x_wconf 83' lang='lat' dir='ltr'>deferret.</span> <span class='ocrx_word' id='word_1_127' title='bbox 1155 1148 1241 1184; x_wconf 85' lang='lat' dir='ltr'>Nec</span> <span class='ocrx_word' id='word_1_128' title='bbox 1279 1159 1370 1184; x_wconf 87' lang='lat' dir='ltr'>vero</span> <span class='ocrx_word' id='word_1_129' title='bbox 1408 1147 1505 1183; x_wconf 85' lang='lat' dir='ltr'>haec</span> <span class='ocrx_word' id='word_1_130' title='bbox 1545 1158 1604 1182; x_wconf 76' lang='lat' dir='ltr'>ex-</span> 
     </span>
     <span class='ocr_line' id='line_1_16' title="bbox 271 1212 1662 1262; baseline -0.003 -12"><span class='ocrx_word' id='word_1_131' title='bbox 271 1220 394 1250; x_wconf 88' lang='lat' dir='ltr'>trema</span> <span class='ocrx_word' id='word_1_132' title='bbox 423 1212 631 1262; x_wconf 86' lang='lat' dir='ltr'>quisquam</span> <span class='ocrx_word' id='word_1_133' title='bbox 662 1220 791 1262; x_wconf 86' lang='lat' dir='ltr'>potest</span> <span class='ocrx_word' id='word_1_134' title='bbox 823 1212 904 1250; x_wconf 87' lang='lat' dir='ltr'>iure</span> <span class='ocrx_word' id='word_1_135' title='bbox 934 1212 1219 1261; x_wconf 87' lang='lat' dir='ltr'>reprehendere</span> <span class='ocrx_word' id='word_1_136' title='bbox 1249 1212 1357 1260; x_wconf 88' lang='lat' dir='ltr'>quod</span> <span class='ocrx_word' id='word_1_137' title='bbox 1388 1224 1493 1248; x_wconf 91' lang='lat' dir='ltr'>mare</span> <span class='ocrx_word' id='word_1_138' title='bbox 1523 1223 1603 1247; x_wconf 87' lang='lat' dir='ltr'>non</span> <span class='ocrx_word' id='word_1_139' title='bbox 1628 1225 1662 1255; x_wconf 83' lang='lat'>15</span> 
     </span>
     <span class='ocr_line' id='line_1_17' title="bbox 270 1275 1604 1321; baseline -0.002 -5"><span class='ocrx_word' id='word_1_140' title='bbox 270 1277 497 1316; x_wconf 85' lang='lat' dir='ltr'>transierim.</span> <span class='ocrx_word' id='word_1_141' title='bbox 559 1279 607 1316; x_wconf 92' lang='lat' dir='ltr'>Id</span> <span class='ocrx_word' id='word_1_142' title='bbox 637 1278 756 1321; x_wconf 85' lang='lat' dir='ltr'>enim,</span> <span class='ocrx_word' id='word_1_143' title='bbox 786 1278 857 1316; x_wconf 87' lang='lat' dir='ltr'>etsi</span> <span class='ocrx_word' id='word_1_144' title='bbox 887 1285 967 1315; x_wconf 86' lang='lat' dir='ltr'>erat</span> <span class='ocrx_word' id='word_1_145' title='bbox 997 1277 1302 1318; x_wconf 72' lang='lat' dir='ltr'>deliberationis,</span> <span class='ocrx_word' id='word_1_146' title='bbox 1332 1284 1463 1314; x_wconf 86' lang='lat' dir='ltr'>tamen</span> <span class='ocrx_word' id='word_1_147' title='bbox 1496 1275 1604 1314; x_wconf 88' lang='lat' dir='ltr'>obire</span> 
     </span>
     <span class='ocr_line' id='line_1_18' title="bbox 270 1342 1603 1393; baseline -0.003 -12"><span class='ocrx_word' id='word_1_148' title='bbox 270 1357 348 1381; x_wconf 91' lang='lat' dir='ltr'>non</span> <span class='ocrx_word' id='word_1_149' title='bbox 380 1343 500 1393; x_wconf 86' lang='lat' dir='ltr'>potui.</span> <span class='ocrx_word' id='word_1_150' title='bbox 562 1345 703 1392; x_wconf 83' lang='lat' dir='ltr'>Neque</span> <span class='ocrx_word' id='word_1_151' title='bbox 733 1343 837 1381; x_wconf 91' lang='lat' dir='ltr'>enim</span> <span class='ocrx_word' id='word_1_152' title='bbox 869 1342 1055 1392; x_wconf 87' lang='lat' dir='ltr'>suspicari</span> <span class='ocrx_word' id='word_1_153' title='bbox 1089 1342 1220 1389; x_wconf 84' lang='lat' dir='ltr'>debui,</span> <span class='ocrx_word' id='word_1_154' title='bbox 1253 1342 1479 1392; x_wconf 88' lang='lat' dir='ltr'>praesertim</span> <span class='ocrx_word' id='word_1_155' title='bbox 1513 1354 1603 1378; x_wconf 90' lang='lat' dir='ltr'>cum</span> 
     </span>
     <span class='ocr_line' id='line_1_19' title="bbox 269 1406 1601 1458; baseline -0.002 -13"><span class='ocrx_word' id='word_1_156' title='bbox 269 1423 317 1446; x_wconf 80' lang='lat' dir='ltr'>ex</span> <span class='ocrx_word' id='word_1_157' title='bbox 346 1408 466 1458; x_wconf 88' lang='lat' dir='ltr'>ipsius</span> <span class='ocrx_word' id='word_1_158' title='bbox 498 1407 663 1457; x_wconf 86' lang='lat' dir='ltr'>Pompei</span> <span class='ocrx_word' id='word_1_159' title='bbox 692 1407 838 1454; x_wconf 86' lang='lat' dir='ltr'>litteris,</span> <span class='ocrx_word' id='word_1_160' title='bbox 862 1407 967 1445; x_wconf 88' lang='lat' dir='ltr'>idern</span> <span class='ocrx_word' id='word_1_161' title='bbox 998 1409 1105 1456; x_wconf 91' lang='lat' dir='ltr'>quod</span> <span class='ocrx_word' id='word_1_162' title='bbox 1136 1407 1252 1445; x_wconf 83' lang='lat' dir='ltr'>video</span> <span class='ocrx_word' id='word_1_163' title='bbox 1282 1415 1318 1445; x_wconf 89' lang='lat' dir='ltr'>te</span> <span class='ocrx_word' id='word_1_164' title='bbox 1349 1406 1601 1453; x_wconf 82' lang='lat' dir='ltr'>existimasse,</span> 
     </span>
     <span class='ocr_line' id='line_1_20' title="bbox 270 1473 1604 1523; baseline -0.001 -12"><span class='ocrx_word' id='word_1_165' title='bbox 270 1488 350 1511; x_wconf 91' lang='lat' dir='ltr'>non</span> <span class='ocrx_word' id='word_1_166' title='bbox 371 1473 582 1512; x_wconf 88' lang='lat' dir='ltr'>dubitarim</span> <span class='ocrx_word' id='word_1_167' title='bbox 611 1473 706 1523; x_wconf 85' lang='lat' dir='ltr'>quin</span> <span class='ocrx_word' id='word_1_168' title='bbox 733 1473 764 1510; x_wconf 88' lang='lat' dir='ltr'>is</span> <span class='ocrx_word' id='word_1_169' title='bbox 794 1473 972 1511; x_wconf 91' lang='lat' dir='ltr'>Domitio</span> <span class='ocrx_word' id='word_1_170' title='bbox 1002 1473 1263 1511; x_wconf 87' lang='lat' dir='ltr'>subventurus</span> <span class='ocrx_word' id='word_1_171' title='bbox 1291 1480 1402 1518; x_wconf 88' lang='lat' dir='ltr'>esset,</span> <span class='ocrx_word' id='word_1_172' title='bbox 1427 1479 1464 1510; x_wconf 90' lang='lat' dir='ltr'>et</span> <span class='ocrx_word' id='word_1_173' title='bbox 1489 1473 1604 1521; x_wconf 84' lang='lat' dir='ltr'>plane</span> 
     </span>
     <span class='ocr_line' id='line_1_21' title="bbox 270 1536 1664 1589; baseline -0.002 -12"><span class='ocrx_word' id='word_1_174' title='bbox 270 1538 367 1588; x_wconf 91' lang='lat' dir='ltr'>quid</span> <span class='ocrx_word' id='word_1_175' title='bbox 394 1546 543 1577; x_wconf 87' lang='lat' dir='ltr'>rectum</span> <span class='ocrx_word' id='word_1_176' title='bbox 571 1546 608 1577; x_wconf 91' lang='lat' dir='ltr'>et</span> <span class='ocrx_word' id='word_1_177' title='bbox 639 1538 734 1589; x_wconf 85' lang='lat' dir='ltr'>quid</span> <span class='ocrx_word' id='word_1_178' title='bbox 764 1538 988 1577; x_wconf 85' lang='lat' dir='ltr'>faciendum</span> <span class='ocrx_word' id='word_1_179' title='bbox 1018 1538 1113 1575; x_wconf 89' lang='lat' dir='ltr'>mihi</span> <span class='ocrx_word' id='word_1_180' title='bbox 1141 1546 1242 1576; x_wconf 88' lang='lat' dir='ltr'>esset</span> <span class='ocrx_word' id='word_1_181' title='bbox 1267 1537 1413 1577; x_wconf 87' lang='lat' dir='ltr'>diutius</span> <span class='ocrx_word' id='word_1_182' title='bbox 1435 1536 1604 1586; x_wconf 87' lang='lat' dir='ltr'>cogitare</span> <span class='ocrx_word' id='word_1_183' title='bbox 1625 1553 1664 1574; x_wconf 92' lang='lat'>20</span> 
     </span>
     <span class='ocr_line' id='line_1_22' title="bbox 272 1604 402 1642; baseline 0 0"><span class='ocrx_word' id='word_1_184' title='bbox 272 1604 402 1642; x_wconf 87' lang='lat' dir='ltr'>malui.</span> 
     </span>
    </p>

    <p class='ocr_par' dir='ltr' id='par_1_5' title="bbox 226 1667 1661 2035">
     <span class='ocr_line' id='line_1_23' title="bbox 226 1667 1604 1720; baseline -0.002 -12"><span class='ocrx_word' id='word_1_185' title='bbox 226 1681 252 1719; x_wconf 92' lang='lat'>4</span> <span class='ocrx_word' id='word_1_186' title='bbox 327 1670 502 1708; x_wconf 88' lang='lat' dir='ltr'>Primum</span> <span class='ocrx_word' id='word_1_187' title='bbox 524 1670 646 1720; x_wconf 88' lang='lat' dir='ltr'>igitur,</span> <span class='ocrx_word' id='word_1_188' title='bbox 671 1671 767 1709; x_wconf 88' lang='lat' dir='ltr'>haec</span> <span class='ocrx_word' id='word_1_189' title='bbox 789 1670 918 1720; x_wconf 86' lang='lat' dir='ltr'>qualia</span> <span class='ocrx_word' id='word_1_190' title='bbox 948 1670 1018 1708; x_wconf 90' lang='lat' dir='ltr'>tibi</span> <span class='ocrx_word' id='word_1_191' title='bbox 1043 1684 1128 1709; x_wconf 89' lang='lat' dir='ltr'>esse</span> <span class='ocrx_word' id='word_1_192' title='bbox 1153 1670 1367 1716; x_wconf 84' lang='lat' dir='ltr'>videantur,</span> <span class='ocrx_word' id='word_1_193' title='bbox 1391 1668 1462 1707; x_wconf 88' lang='lat' dir='ltr'>etsi</span> <span class='ocrx_word' id='word_1_194' title='bbox 1492 1667 1604 1718; x_wconf 87' lang='lat' dir='ltr'>signi-</span> 
     </span>
     <span class='ocr_line' id='line_1_24' title="bbox 272 1733 1603 1784; baseline -0.002 -11"><span class='ocrx_word' id='word_1_195' title='bbox 272 1736 385 1774; x_wconf 87' lang='lat' dir='ltr'>ficata</span> <span class='ocrx_word' id='word_1_196' title='bbox 416 1744 506 1774; x_wconf 86' lang='lat' dir='ltr'>sunt</span> <span class='ocrx_word' id='word_1_197' title='bbox 537 1749 559 1774; x_wconf 85' lang='lat' dir='ltr'>a</span> <span class='ocrx_word' id='word_1_198' title='bbox 594 1744 642 1782; x_wconf 90' lang='lat' dir='ltr'>te,</span> <span class='ocrx_word' id='word_1_199' title='bbox 677 1743 808 1773; x_wconf 88' lang='lat' dir='ltr'>tamen</span> <span class='ocrx_word' id='word_1_200' title='bbox 839 1735 1057 1774; x_wconf 88' lang='lat' dir='ltr'>accuratius</span> <span class='ocrx_word' id='word_1_201' title='bbox 1090 1735 1185 1773; x_wconf 88' lang='lat' dir='ltr'>mihi</span> <span class='ocrx_word' id='word_1_202' title='bbox 1220 1734 1435 1784; x_wconf 85' lang='lat' dir='ltr'>perscribas</span> <span class='ocrx_word' id='word_1_203' title='bbox 1473 1733 1603 1777; x_wconf 75' lang='lat' dir='ltr'>velim,</span> 
     </span>
     <span class='ocr_line' id='line_1_25' title="bbox 270 1800 1601 1851; baseline -0.004 -11"><span class='ocrx_word' id='word_1_204' title='bbox 270 1801 415 1840; x_wconf 85' lang='lat' dir='ltr'>deinde</span> <span class='ocrx_word' id='word_1_205' title='bbox 436 1801 584 1851; x_wconf 88' lang='lat' dir='ltr'>aliquid</span> <span class='ocrx_word' id='word_1_206' title='bbox 606 1801 722 1839; x_wconf 89' lang='lat' dir='ltr'>etiam</span> <span class='ocrx_word' id='word_1_207' title='bbox 744 1801 783 1838; x_wconf 86' lang='lat' dir='ltr'>in</span> <span class='ocrx_word' id='word_1_208' title='bbox 805 1809 1005 1851; x_wconf 91' lang='lat' dir='ltr'>posterum</span> <span class='ocrx_word' id='word_1_209' title='bbox 1027 1800 1240 1851; x_wconf 85' lang='lat' dir='ltr'>prospicias</span> <span class='ocrx_word' id='word_1_210' title='bbox 1262 1801 1463 1849; x_wconf 84' lang='lat' dir='ltr'>fingasque</span> <span class='ocrx_word' id='word_1_211' title='bbox 1484 1811 1601 1847; x_wconf 91' lang='lat' dir='ltr'>quem</span> 
     </span>
     <span class='ocr_line' id='line_1_26' title="bbox 271 1863 1661 1917; baseline -0.004 -12"><span class='ocrx_word' id='word_1_212' title='bbox 271 1881 334 1905; x_wconf 87' lang='lat' dir='ltr'>me</span> <span class='ocrx_word' id='word_1_213' title='bbox 363 1881 447 1905; x_wconf 87' lang='lat' dir='ltr'>esse</span> <span class='ocrx_word' id='word_1_214' title='bbox 474 1868 613 1905; x_wconf 88' lang='lat' dir='ltr'>deceat</span> <span class='ocrx_word' id='word_1_215' title='bbox 639 1874 677 1905; x_wconf 91' lang='lat' dir='ltr'>et</span> <span class='ocrx_word' id='word_1_216' title='bbox 707 1866 774 1904; x_wconf 91' lang='lat' dir='ltr'>ubi</span> <span class='ocrx_word' id='word_1_217' title='bbox 806 1881 868 1905; x_wconf 92' lang='lat' dir='ltr'>me</span> <span class='ocrx_word' id='word_1_218' title='bbox 896 1866 1106 1917; x_wconf 89' lang='lat' dir='ltr'>plurimum</span> <span class='ocrx_word' id='word_1_219' title='bbox 1135 1866 1322 1915; x_wconf 88' lang='lat' dir='ltr'>prodesse</span> <span class='ocrx_word' id='word_1_220' title='bbox 1347 1863 1400 1902; x_wconf 90' lang='lat' dir='ltr'>rei</span> <span class='ocrx_word' id='word_1_221' title='bbox 1422 1863 1602 1913; x_wconf 86' lang='lat' dir='ltr'>publicae</span> <span class='ocrx_word' id='word_1_222' title='bbox 1625 1877 1661 1908; x_wconf 83' lang='lat'>25</span> 
     </span>
     <span class='ocr_line' id='line_1_27' title="bbox 269 1928 1603 1982; baseline -0.004 -12"><span class='ocrx_word' id='word_1_223' title='bbox 269 1931 424 1979; x_wconf 75' lang='lat' dir='ltr'>sentias,</span> <span class='ocrx_word' id='word_1_224' title='bbox 448 1945 597 1982; x_wconf 86' lang='lat' dir='ltr'>ecquae</span> <span class='ocrx_word' id='word_1_225' title='bbox 621 1931 785 1982; x_wconf 87' lang='lat' dir='ltr'>pacifica</span> <span class='ocrx_word' id='word_1_226' title='bbox 809 1945 976 1982; x_wconf 90' lang='lat' dir='ltr'>persona</span> <span class='ocrx_word' id='word_1_227' title='bbox 1006 1931 1248 1970; x_wconf 89' lang='lat' dir='ltr'>desideretur</span> <span class='ocrx_word' id='word_1_228' title='bbox 1274 1943 1323 1967; x_wconf 86' lang='lat' dir='ltr'>an</span> <span class='ocrx_word' id='word_1_229' title='bbox 1348 1928 1387 1966; x_wconf 85' lang='lat' dir='ltr'>in</span> <span class='ocrx_word' id='word_1_230' title='bbox 1415 1929 1603 1966; x_wconf 90' lang='lat' dir='ltr'>bellatore</span> 
     </span>
     <span class='ocr_line' id='line_1_28' title="bbox 269 1996 517 2035; baseline -0.004 0"><span class='ocrx_word' id='word_1_231' title='bbox 269 1996 346 2035; x_wconf 86' lang='lat' dir='ltr'>sint</span> <span class='ocrx_word' id='word_1_232' title='bbox 375 1996 517 2035; x_wconf 88' lang='lat' dir='ltr'>omnia.</span> 
     </span>
    </p>

    <p class='ocr_par' dir='ltr' id='par_1_6' title="bbox 228 2060 1602 2112">
     <span class='ocr_line' id='line_1_29' title="bbox 228 2060 1602 2112; baseline -0.004 -12"><span class='ocrx_word' id='word_1_233' title='bbox 228 2068 252 2106; x_wconf 88' lang='lat'>5</span> <span class='ocrx_word' id='word_1_234' title='bbox 324 2064 455 2112; x_wconf 85' lang='lat' dir='ltr'>Atque</span> <span class='ocrx_word' id='word_1_235' title='bbox 483 2076 555 2112; x_wconf 88' lang='lat' dir='ltr'>ego</span> <span class='ocrx_word' id='word_1_236' title='bbox 583 2062 649 2112; x_wconf 91' lang='lat' dir='ltr'>qui</span> <span class='ocrx_word' id='word_1_237' title='bbox 678 2062 811 2101; x_wconf 84' lang='lat' dir='ltr'>onmia</span> <span class='ocrx_word' id='word_1_238' title='bbox 838 2061 968 2100; x_wconf 88' lang='lat' dir='ltr'>officio</span> <span class='ocrx_word' id='word_1_239' title='bbox 997 2060 1136 2099; x_wconf 89' lang='lat' dir='ltr'>metior</span> <span class='ocrx_word' id='word_1_240' title='bbox 1165 2061 1348 2098; x_wconf 91' lang='lat' dir='ltr'>recordor</span> <span class='ocrx_word' id='word_1_241' title='bbox 1374 2066 1505 2096; x_wconf 89' lang='lat' dir='ltr'>tamen</span> <span class='ocrx_word' id='word_1_242' title='bbox 1535 2064 1602 2095; x_wconf 88' lang='lat' dir='ltr'>tua</span> 
     </span>
    </p>
   </div>
   <div class='ocr_carea' id='block_1_3' title="bbox 313 2157 1599 2201">
    <p class='ocr_par' dir='ltr' id='par_1_7' title="bbox 313 2157 1599 2201">
     <span class='ocr_line' id='line_1_30' title="bbox 313 2157 1599 2201; baseline -0.005 -9"><span class='ocrx_word' id='word_1_243' title='bbox 313 2172 332 2200; x_wconf 90' lang='lat'>5</span> <span class='ocrx_word' id='word_1_244' title='bbox 356 2162 444 2200; x_wconf 88' lang='lat' dir='ltr'>quod</span> <span class='ocrx_word' id='word_1_245' title='bbox 459 2162 518 2192; x_wconf 91' lang='lat' dir='ltr'>tibi</span> <span class='ocrx_word' id='word_1_246' title='bbox 537 2166 570 2192; x_wconf 85' lang='lat' dir='ltr'>et</span> <span class='ocrx_word' id='word_1_247' title='bbox 587 2162 665 2201; x_wconf 84' lang='lat' dir='ltr'>quia</span> <span class='ocrx_word' id='word_1_248' title='bbox 683 2161 759 2193; x_wconf 73' lang='lat' dir='ltr'>M12</span> <span class='ocrx_word' id='word_1_249' title='bbox 784 2171 850 2200; x_wconf 85' lang='lat' dir='ltr'>quo</span> <span class='ocrx_word' id='word_1_250' title='bbox 866 2160 944 2199; x_wconf 87' lang='lat' dir='ltr'>quia</span> <span class='ocrx_word' id='word_1_251' title='bbox 962 2160 1020 2190; x_wconf 89' lang='lat' dir='ltr'>tibi</span> <span class='ocrx_word' id='word_1_252' title='bbox 1042 2159 1096 2188; x_wconf 63' lang='grc' dir='ltr'>Μ2</span> <span class='ocrx_word' id='word_1_253' title='bbox 1110 2158 1253 2198; x_wconf 56' lang='lat' dir='ltr'>(flung.)</span> <span class='ocrx_word' id='word_1_254' title='bbox 1270 2169 1276 2188; x_wconf 93' lang='lat'>:</span> <span class='ocrx_word' id='word_1_255' title='bbox 1301 2168 1366 2196; x_wconf 88' lang='lat' dir='ltr'>quo</span> <span class='ocrx_word' id='word_1_256' title='bbox 1384 2158 1445 2188; x_wconf 87' lang='lat' dir='ltr'>tibi</span> <span class='ocrx_word' id='word_1_257' title='bbox 1463 2157 1599 2196; x_wconf 89' lang='lat' dir='ltr'>quidem</span> 
     </span>
    </p>
   </div>
   <div class='ocr_carea' id='block_1_4' title="bbox 268 2200 1603 2332">
    <p class='ocr_par' dir='ltr' id='par_1_8' title="bbox 268 2200 1603 2332">
     <span class='ocr_line' id='line_1_31' title="bbox 269 2200 1603 2245; baseline -0.004 -10"><span class='ocrx_word' id='word_1_258' title='bbox 269 2205 408 2245; x_wconf 73' lang='lat' dir='ltr'>Madvig</span> <span class='ocrx_word' id='word_1_259' title='bbox 496 2216 582 2245; x_wconf 87' lang='lat' dir='ltr'>opus</span> <span class='ocrx_word' id='word_1_260' title='bbox 595 2205 699 2245; x_wconf 68' lang='lat' dir='ltr'>vulg:</span> <span class='ocrx_word' id='word_1_261' title='bbox 724 2210 878 2243; x_wconf 85' lang='lat' dir='ltr'>tempore</span> <span class='ocrx_word' id='word_1_262' title='bbox 895 2214 980 2244; x_wconf 90' lang='lat' dir='ltr'>opus</span> <span class='ocrx_word' id='word_1_263' title='bbox 999 2203 1057 2232; x_wconf 89' lang='lat' dir='ltr'>Ml</span> <span class='ocrx_word' id='word_1_264' title='bbox 1144 2201 1241 2241; x_wconf 85' lang='lat' dir='ltr'>mihi]</span> <span class='ocrx_word' id='word_1_265' title='bbox 1259 2202 1349 2231; x_wconf 87' lang='lat' dir='ltr'>enim</span> <span class='ocrx_word' id='word_1_266' title='bbox 1367 2201 1445 2231; x_wconf 87' lang='lat' dir='ltr'>mihi</span> <span class='ocrx_word' id='word_1_267' title='bbox 1463 2200 1603 2239; x_wconf 79' lang='lat' dir='ltr'>Madvig</span> 
     </span>
     <span class='ocr_line' id='line_1_32' title="bbox 268 2243 1598 2288; baseline -0.005 -9"><span class='ocrx_word' id='word_1_268' title='bbox 268 2259 289 2287; x_wconf 89' lang='lat'>9</span> <span class='ocrx_word' id='word_1_269' title='bbox 314 2250 511 2288; x_wconf 82' lang='lat' dir='ltr'>imperatam</span> <span class='ocrx_word' id='word_1_270' title='bbox 536 2251 600 2279; x_wconf 91' lang='lat' dir='ltr'>iam</span> <span class='ocrx_word' id='word_1_271' title='bbox 627 2249 743 2279; x_wconf 80' lang='lat' dir='ltr'><em>M¹CZ</em></span> <span class='ocrx_word' id='word_1_272' title='bbox 760 2248 957 2278; x_wconf 68' lang='lat' dir='ltr'>Lelmnum:</span> <span class='ocrx_word' id='word_1_273' title='bbox 994 2247 1191 2285; x_wconf 84' lang='lat' dir='ltr'>imparatam</span> <span class='ocrx_word' id='word_1_274' title='bbox 1210 2245 1273 2275; x_wconf 88' lang='lat' dir='ltr'>iam</span> <span class='ocrx_word' id='word_1_275' title='bbox 1292 2243 1364 2274; x_wconf 77' lang='lat' dir='ltr'><strong><em>M·-&#39;:</em></strong></span> <span class='ocrx_word' id='word_1_276' title='bbox 1401 2245 1598 2283; x_wconf 81' lang='lat' dir='ltr'>imparatam</span> 
     </span>
     <span class='ocr_line' id='line_1_33' title="bbox 268 2286 1599 2332; baseline -0.007 -7"><span class='ocrx_word' id='word_1_277' title='bbox 268 2292 391 2332; x_wconf 77' lang='lat' dir='ltr'>Ivltlg.</span> <span class='ocrx_word' id='word_1_278' title='bbox 503 2304 541 2324; x_wconf 86' lang='lat'>10</span> <span class='ocrx_word' id='word_1_279' title='bbox 566 2292 726 2323; x_wconf 89' lang='lat' dir='ltr'>delictum</span> <span class='ocrx_word' id='word_1_280' title='bbox 747 2290 914 2322; x_wconf 73' lang='lat' dir='ltr'>Corradus</span> <span class='ocrx_word' id='word_1_281' title='bbox 929 2290 1031 2320; x_wconf 81' lang='lat' dir='ltr'>Boot:</span> <span class='ocrx_word' id='word_1_282' title='bbox 1058 2290 1211 2319; x_wconf 78' lang='lat' dir='ltr'>deiectus</span> <span class='ocrx_word' id='word_1_283' title='bbox 1229 2288 1303 2317; x_wconf 87' lang='lat' dir='ltr'>M¹:</span> <span class='ocrx_word' id='word_1_284' title='bbox 1331 2287 1500 2318; x_wconf 84' lang='lat' dir='ltr'>delectum</span> <span class='ocrx_word' id='word_1_285' title='bbox 1523 2286 1599 2316; x_wconf 74' lang='lat' dir='ltr'>M2:</span> 
     </span>
    </p>
   </div>
   <div class='ocr_carea' id='block_1_5' title="bbox 269 2330 1601 2506">
    <p class='ocr_par' dir='ltr' id='par_1_9' title="bbox 269 2330 1601 2506">
     <span class='ocr_line' id='line_1_34' title="bbox 269 2330 1601 2375; baseline -0.005 -10"><span class='ocrx_word' id='word_1_286' title='bbox 269 2335 424 2367; x_wconf 86' lang='lat' dir='ltr'>delectus</span> <span class='ocrx_word' id='word_1_287' title='bbox 432 2336 532 2367; x_wconf 84' lang='lat' dir='ltr'>Rom.</span> <span class='ocrx_word' id='word_1_288' title='bbox 542 2335 746 2375; x_wconf 79' lang='lat' dir='ltr'>lVesenberg:</span> <span class='ocrx_word' id='word_1_289' title='bbox 765 2335 911 2365; x_wconf 87' lang='lat' dir='ltr'>dedecus</span> <span class='ocrx_word' id='word_1_290' title='bbox 921 2333 1022 2364; x_wconf 77' lang='lat' dir='ltr'>Orelli</span> <span class='ocrx_word' id='word_1_291' title='bbox 1092 2342 1129 2362; x_wconf 90' lang='lat'>12</span> <span class='ocrx_word' id='word_1_292' title='bbox 1141 2333 1280 2362; x_wconf 76' lang='lat' dir='ltr'>alterum</span> <span class='ocrx_word' id='word_1_293' title='bbox 1293 2331 1400 2361; x_wconf 80' lang='lat' dir='ltr'>Ladd.</span> <span class='ocrx_word' id='word_1_294' title='bbox 1412 2330 1601 2370; x_wconf 68' lang='lat' dir='ltr'>[Vesenbetg</span> 
     </span>
     <span class='ocr_line' id='line_1_35' title="bbox 273 2374 1593 2420; baseline -0.005 -12"><span class='ocrx_word' id='word_1_295' title='bbox 273 2380 312 2408; x_wconf 90' lang='lat'>16</span> <span class='ocrx_word' id='word_1_296' title='bbox 335 2379 610 2420; x_wconf 85' lang='lat' dir='ltr'>deliberationis]</span> <span class='ocrx_word' id='word_1_297' title='bbox 633 2378 967 2418; x_wconf 32' lang='lat' dir='ltr'>deliberationisnres</span> <span class='ocrx_word' id='word_1_298' title='bbox 984 2376 1111 2415; x_wconf 73' lang='lat' dir='ltr'>Kahnt,</span> <span class='ocrx_word' id='word_1_299' title='bbox 1136 2375 1194 2405; x_wconf 83' lang='lat' dir='ltr'>sed</span> <span class='ocrx_word' id='word_1_300' title='bbox 1208 2375 1245 2413; x_wconf 66' lang='lat' dir='ltr'>‘Tf-</span> <span class='ocrx_word' id='word_1_301' title='bbox 1265 2386 1297 2405; x_wconf 84' lang='lat' dir='ltr'>x.</span> <span class='ocrx_word' id='word_1_302' title='bbox 1318 2385 1344 2406; x_wconf 93' lang='lat'>1.</span> <span class='ocrx_word' id='word_1_303' title='bbox 1362 2385 1382 2413; x_wconf 84' lang='lat'><strong>3</strong></span> <span class='ocrx_word' id='word_1_304' title='bbox 1396 2374 1476 2413; x_wconf 78' lang='lat' dir='ltr'><em>fin.‚</em></span> <span class='ocrx_word' id='word_1_305' title='bbox 1495 2374 1593 2403; x_wconf 80' lang='lat' dir='ltr'>Fam.</span> 
     </span>
     <span class='ocr_line' id='line_1_36' title="bbox 271 2417 1596 2461; baseline -0.005 -9"><span class='ocrx_word' id='word_1_306' title='bbox 271 2423 312 2453; x_wconf 86' lang='lat' dir='ltr'>iv.</span> <span class='ocrx_word' id='word_1_307' title='bbox 333 2425 363 2453; x_wconf 88' lang='lat'>6.</span> <span class='ocrx_word' id='word_1_308' title='bbox 382 2434 413 2461; x_wconf 83' lang='lat'>3,</span> <span class='ocrx_word' id='word_1_309' title='bbox 432 2425 473 2454; x_wconf 86' lang='lat' dir='ltr'>ix.</span> <span class='ocrx_word' id='word_1_310' title='bbox 494 2425 525 2455; x_wconf 90' lang='lat'>6.</span> <span class='ocrx_word' id='word_1_311' title='bbox 544 2434 583 2453; x_wconf 88' lang='lat'>2:</span> <span class='ocrx_word' id='word_1_312' title='bbox 622 2422 843 2452; x_wconf 86' lang='lat' dir='ltr'>deliberatius</span> <span class='ocrx_word' id='word_1_313' title='bbox 860 2420 912 2452; x_wconf 81' lang='lat' dir='ltr'>Fr.</span> <span class='ocrx_word' id='word_1_314' title='bbox 932 2419 1084 2451; x_wconf 76' lang='lat' dir='ltr'>Schmidt</span> <span class='ocrx_word' id='word_1_315' title='bbox 1102 2419 1169 2449; x_wconf 87' lang='lat' dir='ltr'>coll.</span> <span class='ocrx_word' id='word_1_316' title='bbox 1188 2419 1284 2448; x_wconf 83' lang='lat' dir='ltr'>Fam.</span> <span class='ocrx_word' id='word_1_317' title='bbox 1301 2429 1331 2449; x_wconf 81' lang='lat' dir='ltr'>v.</span> <span class='ocrx_word' id='word_1_318' title='bbox 1351 2428 1379 2448; x_wconf 86' lang='lat'>2.</span> <span class='ocrx_word' id='word_1_319' title='bbox 1399 2419 1418 2447; x_wconf 90' lang='lat'><em>8</em></span> <span class='ocrx_word' id='word_1_320' title='bbox 1434 2429 1440 2447; x_wconf 75' lang='grc' dir='ltr'>ε</span> <span class='ocrx_word' id='word_1_321' title='bbox 1475 2417 1596 2446; x_wconf 83' lang='lat' dir='ltr'>delibe-</span> 
     </span>
     <span class='ocr_line' id='line_1_37' title="bbox 271 2461 1550 2506; baseline -0.005 -10"><span class='ocrx_word' id='word_1_322' title='bbox 271 2471 363 2497; x_wconf 82' lang='lat' dir='ltr'>ratae</span> <span class='ocrx_word' id='word_1_323' title='bbox 381 2467 520 2497; x_wconf 81' lang='lat' dir='ltr'>rationis</span> <span class='ocrx_word' id='word_1_324' title='bbox 539 2466 676 2506; x_wconf 76' lang='lat' dir='ltr'>Madvig</span> <span class='ocrx_word' id='word_1_325' title='bbox 776 2475 816 2504; x_wconf 83' lang='lat'>25</span> <span class='ocrx_word' id='word_1_326' title='bbox 842 2465 1006 2504; x_wconf 84' lang='lat' dir='ltr'>prodesse</span> <span class='ocrx_word' id='word_1_327' title='bbox 1025 2473 1126 2503; x_wconf 86' lang='lat' dir='ltr'>posse</span> <span class='ocrx_word' id='word_1_328' title='bbox 1144 2463 1191 2492; x_wconf 87' lang='lat' dir='ltr'>rei</span> <span class='ocrx_word' id='word_1_329' title='bbox 1209 2473 1238 2502; x_wconf 89' lang='lat' dir='ltr'>p.</span> <span class='ocrx_word' id='word_1_330' title='bbox 1258 2461 1343 2491; x_wconf 73' lang='lat' dir='ltr'><em>Reid</em></span> <span class='ocrx_word' id='word_1_331' title='bbox 1357 2461 1423 2492; x_wconf 84' lang='lat' dir='ltr'>coll.</span> <span class='ocrx_word' id='word_1_332' title='bbox 1443 2471 1479 2490; x_wconf 87' lang='lat'>12</span> <span class='ocrx_word' id='word_1_333' title='bbox 1493 2471 1522 2491; x_wconf 84' lang='lat' dir='ltr'>B.</span> <span class='ocrx_word' id='word_1_334' title='bbox 1540 2470 1550 2488; x_wconf 91' lang='lat'>1</span> 
     </span>
    </p>
   </div>
  </div>
 </body>
</html>
