1773 2651
47 1104 86 1125 10

49 1427 85 1458 15

50 1749 89 1770 20

505 206 617 242 EPP.
650 206 728 242 AD
758 205 1020 243 ATTICVM
1312 203 1430 240 VIII.
1448 206 1526 238 xiv

100 316 169 354 fini
198 316 378 354 habuerit
407 329 488 353 non
518 329 603 353 esse
634 315 838 353 redditam.
901 317 964 353 De
985 316 1155 353 Lentulo
1181 321 1314 352 autem
1335 313 1433 352 nihil

99 381 331 420 audivimus.
392 381 507 418 Haec
523 379 640 417 velim
661 379 840 429 exquiras
860 381 911 418 ad
933 393 1075 430 meque
1096 379 1323 429 perscribas.

143 560 223 598 XV
362 563 430 596 Ser.
450 564 486 595 in
502 563 685 595 Formiano
700 574 720 594 v
736 562 822 595 Non.
841 562 943 595 Mart.
961 574 992 596 α.
1013 574 1068 604 705
1086 563 1172 606 (49).

513 669 686 701 CICERO
709 669 890 700 ATTICO
913 669 1009 701 SAL

156 763 202 798 A.
226 761 262 798 d.
288 771 312 796 V
334 760 470 797 Nonas
500 758 662 796 Martias
693 758 882 808 epistulas
911 758 1007 796 mihi
1035 767 1121 797 tuas
1146 761 1325 809 Aegypta
1353 760 1436 798 red-
1454 766 1472 793 Ι

103 825 218 871 didit,
255 838 374 862 unam
413 832 582 862 veterem
623 836 685 860 1111
729 825 816 861 Kal.
858 837 976 873 quam
1022 831 1060 862 te
1106 824 1241 862 scribis
1279 823 1437 862 dedisse

104 889 261 928 Pinario
300 903 418 938 quem
457 902 537 926 non
575 888 773 936 vidimus;
816 888 856 925 in
896 902 974 937 qua
1005 896 1206 938 exspectas
1245 889 1436 938 quidnam

104 955 339 1005 praemissus
368 961 455 1004 agat
476 953 671 992 Vibullius
700 953 766 1003 qui
792 953 957 991 omnino
982 968 1061 991 non
1090 962 1147 992 est
1174 954 1278 992 visus
1298 967 1321 992 a
1341 955 1438 993 Cae-

105 1034 188 1059 sare
214 1020 270 1071 (id
294 1022 413 1058 altera
439 1019 605 1069 epistula
629 1019 745 1058 video
773 1026 810 1057 te
839 1019 936 1057 scire
961 1019 1013 1056 ita
1042 1019 1156 1069 esse),
1179 1027 1217 1057 et
1241 1033 1359 1068 quern
1386 1020 1437 1057 ad

107 1086 272 1123 modum
293 1085 523 1122 redeuntem
544 1083 736 1134 excipiam
759 1085 969 1123 Caesarem
992 1097 1110 1133 quem
1133 1084 1297 1122 omnino
1317 1084 1437 1123 vitare

107 1149 251 1200 cogito,
272 1157 310 1187 et
330 1149 627 1188 †authemor1is†
650 1151 782 1199 fugam
804 1149 976 1187 intendis
1005 1150 1438 1199 commutationemque

107 1214 209 1253 vitae
238 1222 342 1260 tuae,
370 1214 478 1263 quod
507 1213 578 1251 tibi
607 1222 704 1264 puto
734 1228 819 1252 esse
850 1214 1085 1260 faciendum,
1113 1221 1151 1252 et
1181 1213 1334 1263 ignoras
1359 1216 1439 1253 Do-

108 1278 240 1317 mitius
278 1291 369 1316 cum
407 1278 629 1317 fascibusne
668 1278 726 1316 sit.
799 1279 920 1327 Quod
959 1292 1049 1316 cum
1089 1278 1201 1326 scies,
1240 1278 1358 1317 facies
1397 1286 1439 1317 ut

109 1343 289 1382 sciamus.
348 1343 485 1381 Habes
506 1344 556 1380 ad
576 1343 743 1393 primam
763 1343 981 1393 epistulam.

163 1409 329 1446 Secutae
358 1414 449 1445 sunt
478 1408 579 1446 duae
609 1421 662 1457 pr.
697 1409 787 1446 Kal.
815 1408 956 1446 ambae
986 1409 1101 1446 datae
1125 1421 1226 1457 quae
1255 1422 1318 1446 me
1348 1421 1439 1446 con·
1457 1416 1482 1444 2

109 1475 299 1512 vellerunt
319 1474 369 1511 de
390 1472 553 1522 pristino
573 1481 675 1512 statu
696 1473 773 1512 iam
795 1481 942 1520 tamen,
962 1481 1004 1511 ut
1028 1481 1120 1512 ante
1148 1475 1198 1511 ad
1227 1481 1264 1512 te
1291 1473 1437 1523 scripsi,

109 1539 318 1576 labantem.
379 1539 465 1576 Nec
486 1552 549 1576 me
570 1546 702 1576 movet
723 1540 831 1588 quod
853 1538 989 1576 scribis
1010 1542 1019 1557 ‘
1039 1538 1123 1576 Iovi
1145 1538 1216 1588 ipsi
1238 1538 1441 1588 iniquum!

111 1604 214 1640 Nam
236 1601 452 1651 periculum
482 1601 521 1638 in
546 1601 748 1651 utriusque
774 1601 977 1639 iracundia
996 1601 1167 1650 positum
1189 1608 1260 1648 est,
1281 1600 1442 1639 victoria

109 1674 241 1704 autem
266 1665 320 1703 ita
346 1665 491 1704 incerta
512 1673 553 1704 ut
577 1666 746 1704 deterior
772 1679 890 1704 causa
914 1665 1082 1715 paratior
1108 1665 1203 1703 mihi
1233 1679 1318 1703 esse
1338 1665 1441 1704 vide-

109 1738 204 1768 atur.
279 1731 365 1768 Nec
395 1744 458 1769 me
487 1733 667 1769 consules
697 1738 857 1770 movent
887 1730 954 1780 qui
988 1730 1061 1780 ipsi
1091 1732 1225 1780 pluma
1253 1738 1318 1768 aut
1347 1730 1442 1768 folio

111 1795 261 1833 facilius
301 1802 516 1834 moventur.
588 1796 704 1835 Offici
743 1810 807 1835 me
845 1795 1077 1834 deliberatio
1116 1795 1262 1832 cruciat
1300 1794 1443 1832 crucia-

110 1859 245 1909 vitque
268 1860 410 1898 adhuc.
472 1852 633 1900 Cau‘tior
660 1869 764 1900 certe
799 1868 858 1900 est
888 1860 1054 1906 mansio,
1083 1859 1285 1897 honestior
1314 1858 1443 1897 existi-

113 1932 240 1962 matur
260 1923 446 1963 traiectio.
507 1927 617 1964 Malo
638 1925 836 1964 interdum
859 1925 970 1963 multi
998 1938 1060 1962 me
1090 1937 1169 1961 non
1191 1931 1304 1962 caute
1324 1937 1443 1973 quam

113 1988 228 2038 pauci
250 2002 329 2027 non
358 1990 522 2028 honeste
552 1990 689 2029 fecisse
716 1990 948 2029 existiment.
1010 1991 1072 2026 De
1093 1988 1247 2038 Lepido
1268 1996 1305 2026 et
1326 1989 1445 2027 Tullo

114 2055 223 2103 quod
252 2054 416 2103 quaeris,
449 2054 503 2092 illi
533 2069 624 2094 vero
655 2069 734 2094 non
765 2055 949 2094 dubitant
979 2054 1074 2104 quin
1105 2053 1263 2093 Caesari
1290 2061 1444 2103 praesto

113 2118 231 2156 futuri
252 2118 291 2156 in
312 2126 571 2170 senatumque
590 2120 742 2159 venturi
764 2120 850 2159 sint.

168 2182 456 2222 Recentissima
477 2191 542 2222 tua
562 2192 620 2223 est
641 2184 808 2234 epistula
831 2185 918 2222 Kal.
941 2184 1043 2230 data,
1068 2182 1107 2220 in
1128 2196 1206 2232 qua
1221 2189 1333 2233 optas
1354 2195 1444 2221 con·
1463 2186 1489 2224 3

112 2260 287 2297 gressum
311 2261 529 2299 pacemque
556 2263 636 2288 non
663 2251 858 2299 desperas.
918 2250 996 2287 Sed
1026 2262 1098 2297 ego
1122 2262 1212 2286 cum
1240 2249 1338 2286 haec
1357 2248 1445 2285 scri-

157 2360 177 2380 2
200 2350 387 2382 audivimus
404 2351 604 2383 Ascensius:
629 2353 783 2384 audimus
809 2351 851 2382 M
993 2361 1027 2381 11
1055 2362 1097 2382 an
1125 2356 1159 2382 tu
1187 2351 1229 2382 ad
1257 2351 1444 2382 Chaoniam

116 2391 296 2425 Graevius:
328 2394 407 2425 hinc
424 2395 580 2427 Athenas
600 2395 786 2427 Gronovius
803 2407 810 2426 :
845 2395 887 2426 ad
903 2395 1083 2435 Thyamim
1103 2393 1280 2425 Lehmann
1297 2406 1304 2426 ε
1337 2394 1444 2426 Auto-

114 2437 283 2468 medontis
311 2436 436 2469 Maller
457 2439 522 2470 coll.
549 2439 644 2470 Rosc.
669 2439 753 2470 Am.
778 2439 846 2479 98:
878 2438 1088 2469 Athenionis
1116 2436 1283 2468 Corradus
1394 2439 1445 2469 in-

114 2480 228 2511 tendis
244 2479 434 2513 FSchatz:
459 2482 570 2513 tendis
586 2480 676 2513 codd.
816 2492 852 2521 17
877 2482 997 2512 scribis
1014 2481 1070 2513 M:
1096 2481 1217 2521 scripsi
1238 2480 1266 2511 C

159 2544 221 2566 C1c.
242 2545 290 2566 An
310 2545 383 2567 ATT.
1320 2537 1358 2568 18
