1732 2661
154 169 183 205 I.
203 169 295 205 xvii
585 171 638 205 M.
672 170 839 205 TVLLI
872 169 1178 207 CICERONIS

206 288 322 328 grata.
384 280 491 328 Quin
524 280 617 317 mihi
649 293 754 316 nunc
786 287 822 316 te
854 280 1016 317 absente
1053 293 1131 317 non
1167 281 1294 317 solum
1330 280 1538 319 consilium

206 357 286 393 quo
318 352 358 382 tu
398 345 565 390 excellis,
600 345 669 382 sed
709 344 825 381 etiam
866 344 1056 382 sermonis
1097 345 1405 383 communicatio
1437 360 1538 395 quae

206 409 301 446 mihi
341 409 570 447 suavissima
613 418 744 446 tecum
785 410 883 446 solet
929 423 1024 455 esse,
1066 410 1235 448 maxime
1273 411 1538 460 deest—quid

205 473 368 512 dicam?
410 473 448 510 in
481 473 692 523 publicane
727 488 777 519 re,
812 487 892 522 quo
927 473 965 511 in
1000 487 1142 523 genere
1180 475 1277 512 mihi
1317 476 1537 525 neglegenti

205 552 290 576 esse
323 551 402 575 non
438 537 538 583 licet,
570 551 620 575 an
655 537 694 574 in
730 538 873 575 forensi
908 539 1052 584 labore,
1082 553 1201 588 quem
1232 548 1348 578 antea
1379 548 1537 590 propter
1556 552 1573 583 5

204 602 463 641 ambitionem
503 602 757 648 sustinebam,
793 616 899 640 nunc
931 610 973 640 ut
1007 603 1239 652 dignitatem
1279 604 1377 642 tueri
1416 604 1538 655 gratia

205 667 366 717 possim,
386 681 436 705 an
464 668 504 704 in
529 667 622 717 ipsis
648 667 876 705 domesticis
904 668 1083 717 negotiis,
1104 668 1144 706 in
1175 668 1319 718 quibus
1347 683 1419 719 ego
1446 684 1537 708 cum

204 740 319 770 antea
346 740 428 770 tum
457 746 548 771 vero
573 740 662 782 post
690 732 909 770 discessum
940 732 1064 770 fratris
1094 740 1132 771 te
1159 746 1441 784 sermonesque
1471 748 1537 772 no-

206 806 303 836 stros
335 797 546 836 desidero?
604 799 810 835 Postremo
842 811 923 835 non
956 798 1067 835 labor
1098 811 1222 843 meus,
1252 812 1333 836 non
1367 798 1534 848 requieS,

207 877 287 901 non
308 863 520 913 negotium,
537 876 618 900 non
640 862 778 909 otium,
793 876 873 900 non
895 863 1069 900 forenses
1090 876 1160 909 res,
1179 876 1259 901 non
1281 863 1535 910 domesticae,
1559 877 1600 900 10

207 942 280 966 non
310 929 495 977 publicae,
530 941 611 965 non
646 927 817 977 privatae
856 940 986 965 carere
1024 927 1171 965 diutius
1203 935 1271 966 tuo
1306 928 1537 967 suavissimo

205 1002 324 1043 atque
352 992 624 1030 amantissimo
653 991 819 1030 consilio
848 1005 894 1030 ac
923 1005 1105 1030 sermone
1134 1000 1309 1042 possunt.

162 1070 183 1107 7
260 1060 391 1107 Atque
413 1059 549 1095 harum
572 1071 700 1095 rerum
722 1057 1142 1095 commemorationem
1164 1057 1401 1096 verecundia
1422 1071 1538 1108 saepe

204 1123 407 1174 impedivit
430 1123 632 1173 utriusque
652 1130 830 1160 nostrum
849 1137 856 1167 ;
885 1136 991 1160 nunc
1012 1130 1144 1160 autem
1162 1135 1207 1160 ea
1228 1122 1299 1160 fuit
1320 1122 1538 1161 necessaria

203 1196 362 1239 propter
391 1202 477 1227 eam
508 1196 659 1238 partem
687 1187 877 1237 epistulae
902 1194 1002 1233 tuae,
1026 1201 1095 1237 per
1119 1201 1238 1236 quam
1267 1195 1304 1226 te
1333 1201 1378 1225 ac
1410 1201 1537 1225 mores
1563 1203 1596 1234 ¹5

205 1262 292 1292 tuos
315 1253 409 1291 mihi
431 1261 614 1303 purgatos
635 1266 680 1290 ac
702 1253 888 1302 probatos
916 1266 1001 1290 esse
1022 1251 1189 1290 voluisti.
1252 1254 1383 1302 Atque
1404 1252 1443 1290 in
1465 1252 1538 1290 ista

205 1318 531 1357 incommoditate
565 1317 723 1356 alienati
763 1317 865 1355 illius
903 1316 1025 1354 animi
1060 1324 1098 1355 et
1132 1317 1271 1355 offensi
1307 1317 1403 1355 illud
1438 1317 1538 1356 inest

205 1392 336 1422 tamen
366 1382 579 1429 commodi,
603 1384 712 1432 quod
742 1390 781 1421 et
811 1381 907 1419 mihi
937 1390 975 1420 et
1005 1381 1142 1420 ceteris
1172 1381 1308 1420 amicis
1340 1382 1415 1420 tuis
1445 1390 1539 1421 nota

205 1450 275 1488 fuit
303 1458 340 1488 et
367 1450 437 1488 abs
466 1458 503 1488 te
532 1449 736 1499 aliquanto
764 1456 856 1486 ante
886 1447 1092 1486 testificata
1121 1456 1187 1486 tua
1217 1449 1397 1486 voluntas
1427 1447 1538 1486 omit-

205 1516 348 1554 tendae
379 1514 613 1565 provinciae,
637 1522 679 1552 ut
707 1515 815 1563 quod
843 1527 921 1551 una
948 1527 1029 1551 non
1059 1512 1152 1551 estis
1181 1527 1262 1551 non
1292 1513 1538 1551 dissensione
1560 1528 1599 1549 20

205 1594 251 1618 ac
272 1579 439 1618 discidio
461 1587 589 1618 vestro
617 1580 686 1618 sed
712 1580 913 1617 voluntate
939 1592 985 1617 ac
1011 1578 1158 1617 iudicio
1186 1586 1254 1616 tuo
1278 1580 1425 1617 factum
1453 1592 1538 1617 esse

205 1645 390 1683 videatur.
452 1646 542 1693 Qua
570 1658 608 1682 re
630 1651 667 1682 et
695 1643 759 1681 illa
786 1657 888 1693 quae
912 1642 1055 1681 violata
1082 1642 1352 1692 expiabuntur,
1377 1650 1414 1681 et
1442 1644 1539 1681 haec

206 1717 338 1748 nostra
368 1722 468 1759 quae
500 1716 591 1747 sunt
623 1707 869 1746 sanctissime
900 1714 1131 1746 conservata
1165 1720 1275 1745 suam
1311 1706 1538 1757 religionem

207 1775 456 1814 obtinebunt.

166 1844 191 1881 8
264 1842 348 1878 Nos
382 1839 445 1877 hic
481 1838 519 1876 in
554 1853 594 1877 re
633 1838 792 1889 publica
825 1837 979 1875 infirma
1014 1837 1155 1875 misera
1187 1836 1539 1886 commutabilique
1561 1851 1598 1883 ²5

208 1918 415 1943 versamur.
476 1904 608 1943 Credo
644 1902 747 1941 enim
782 1910 819 1940 te
850 1902 1007 1940 audisse
1042 1910 1195 1940 nostros
1230 1901 1381 1951 equites
1414 1915 1539 1951 paene

206 1984 229 2008 a
258 1976 396 2008 senatu
427 1981 511 2006 esse
541 1967 763 2009 diiunctos;
805 1966 871 2016 qui
903 1966 1072 2016 primum
1108 1966 1204 2004 illud
1229 1967 1341 2004 valde
1375 1965 1540 2015 graviter

208 2036 392 2081 tulerunt,
413 2034 704 2083 promulgatum
735 2046 782 2070 ex
809 2040 966 2070 senatus
994 2033 1176 2069 consulto
1201 2031 1319 2069 fuisse
1343 2039 1385 2069 ut
1410 2032 1459 2069 de
1484 2030 1539 2069 eis

208 2100 275 2150 qui
309 2100 361 2137 ob
396 2098 654 2137 iudicandum
693 2096 937 2147 accepissent
973 2104 1232 2146 quaereretur.
1303 2097 1393 2145 Qua
1425 2095 1464 2133 in
1500 2109 1539 2133 re

208 2165 459 2202 decernenda
485 2176 576 2201 cum
604 2175 677 2212 ego
704 2175 797 2200 casu
825 2174 905 2199 non
935 2160 1148 2199 adfuissem
1179 2159 1468 2209 sensissemque
1498 2159 1538 2197 id
1558 2172 1598 2202 30

209 2236 430 2279 equestrem
458 2228 638 2266 ordinem
669 2229 765 2265 ferre
796 2228 960 2264 moleste
990 2239 1120 2275 neque
1149 2232 1281 2275 aperte
1308 2225 1449 2271 dicere,
1473 2225 1539 2262 ob-

253 2345 271 2371 4
296 2333 474 2372 publicane
491 2332 537 2361 Z:
573 2332 705 2371 publica
732 2331 805 2366 ΣΜ,
823 2330 902 2368 furt.
925 2333 998 2359 recle
1116 2340 1132 2368 7
1161 2330 1192 2359 in
1210 2329 1284 2360 add.
1305 2333 1374 2359 vell.
1504 2338 1535 2357 11

210 2387 276 2406 non
299 2376 451 2415 publicae
472 2375 546 2405 addi
570 2379 639 2405 velt.
794 2384 832 2413 19
855 2374 1027 2412 aliquanto
1049 2372 1092 2403 C:
1128 2372 1310 2411 aliquando
1336 2371 1375 2400 M
1461 2377 1539 2402 ante

211 2419 326 2450 CHN:
361 2430 425 2450 om.
450 2418 640 2449 cetericodd.
775 2427 816 2456 29
841 2420 914 2446 ante
930 2417 1143 2455 accepissent
1160 2415 1234 2446 add.
1256 2416 1431 2455 pecuniam
1448 2415 1469 2444 I
