1773 2651
145 536 162 567 5

127 862 174 883 10·

129 1188 166 1220 ¹5

128 1514 167 1536 20

586 150 700 186 EPP.
733 150 810 186 AD
840 149 1100 187 ATTICVM
1461 148 1528 184 IV.
1548 146 1594 182 vi

183 268 225 299 ut
254 274 335 298 non
365 260 536 310 ingratus
566 260 710 298 videar.
780 259 889 308 Quid
924 259 954 297 si
986 272 1137 298 cessare
1168 259 1287 297 libeat
1317 266 1355 297 et
1384 258 1423 295 in
1455 257 1510 295 oti

182 334 339 375 portum
374 327 617 374 confugere?
674 325 955 374 Nequiquam,
985 324 1107 362 immo
1137 323 1255 362 etiam
1290 323 1329 360 in
1364 323 1511 360 bellum

183 399 221 429 et
251 391 291 428 in
321 399 455 429 castra.
517 392 620 440 Ergo
641 390 785 429 erimus
811 390 941 428 ὀπαδοὶ
964 389 1031 439 qui
1052 389 1159 441 ταγοὶ
1180 402 1264 426 6556
1286 386 1514 425 noluimus?

184 455 247 494 Sic
267 456 493 494 faciendum
523 464 590 501 est,
616 454 686 493 tibi
716 455 821 494 enim
851 455 925 505 ipsi
956 454 1066 505 (quoi
1094 453 1243 492 utinam
1269 465 1423 502 semper
1452 465 1515 501 pa-

184 520 348 559 ruissem
369 520 392 571 l)
415 521 469 558 sic
490 520 605 559 video
626 522 790 570 placere.
853 520 1067 570 Reliquum
1089 519 1166 557 iam
1188 525 1246 557 est

522 587 695 635 Σπάρταν
725 587 865 637 ἔλαχες,
898 587 1033 623 ταύταν
1063 585 1204 634 κόσμει.

187 652 280 689 Non
302 664 365 689 me
386 652 543 689 hercule
565 664 726 701 possum
747 658 784 689 et
807 651 1025 689 Philoxeno
1046 649 1209 699 ignosco
1230 649 1296 699 qui
1317 647 1451 687 reduci
1476 646 1515 684 in

184 730 380 754 carcerem
411 716 558 754 maluit.
615 717 763 754 Verum
796 723 928 753 tamen
961 715 1001 753 id
1035 715 1163 765 ipsum
1196 727 1353 752 mecum
1383 713 1422 750 in
1457 712 1516 750 his

186 781 282 819 locis
311 789 560 819 commentor
587 789 629 819 ut
656 781 729 819 ista
754 794 798 818 ne
826 780 1058 832 improbem,
1092 780 1212 830 idque
1242 788 1283 817 tu
1318 792 1409 817 cum
1440 791 1518 816 una

185 846 330 886 erimus
351 846 615 885 confirmabis.

240 915 277 950 A
306 920 344 951 te
376 912 521 950 litteras
545 913 683 951 crebro
709 912 760 951 ad
793 925 856 950 me
886 911 1002 950 scribi
1032 911 1148 949 video
1179 911 1248 948 sed
1279 908 1407 948 omnis
1438 922 1518 946 uno

187 986 364 1028 tempore
402 977 546 1028 accepi.
609 979 723 1026 Quae
763 991 822 1015 res
860 977 978 1015 etiam
1013 976 1119 1014 auxit
1153 977 1331 1014 dolorem
1372 987 1514 1012 meum.

188 1044 294 1083 Casu
322 1043 427 1082 enirn
457 1043 576 1081 trinas
606 1051 697 1082 ante
724 1044 893 1092 legeram
922 1042 1066 1091 quibus
1095 1041 1324 1079 meliuscule
1347 1041 1518 1078 Lentulo

187 1122 272 1147 esse
306 1108 494 1158 scriptum
529 1116 619 1146 erat.
695 1110 799 1146 Ecce
833 1114 994 1157 quartae
1025 1107 1198 1144 fulmen!
1257 1106 1335 1144 Sed
1370 1104 1443 1151 ille,
1476 1112 1517 1142 ut

187 1172 333 1223 scripsi,
356 1187 437 1212 non
458 1172 584 1220 miser,
608 1186 681 1211 nos
701 1186 792 1211 vero
813 1171 936 1210 ferrei.

241 1239 362 1287 Quod
393 1252 456 1276 me
483 1239 676 1276 admones
706 1245 748 1275 ut
777 1237 945 1275 scribam
972 1236 1037 1274 illa
1066 1235 1344 1281 Hortensiana,
1373 1234 1412 1272 in
1441 1234 1516 1272 alia
1537 1240 1560 1277 3

186 1303 306 1342 incidi
327 1317 408 1342 non
436 1302 645 1342 immemor
668 1302 779 1341 istius
804 1301 980 1340 mandati
1005 1301 1085 1349 tui,
1115 1302 1185 1339 sed
1210 1314 1273 1338 me
1295 1301 1452 1338 hercule
1476 1301 1517 1336 in

186 1367 414 1418 incipiendo
445 1367 576 1417 refugi,
610 1381 660 1406 ne
690 1367 757 1417 qui
789 1367 924 1406 videor
953 1368 1070 1405 stulte
1102 1365 1203 1404 illius
1235 1364 1351 1403 amici
1383 1365 1519 1403 intem-

188 1433 336 1483 periem
366 1446 447 1471 non
479 1432 612 1470 tulisse
643 1445 773 1470 rursus
804 1433 921 1469 stulte
951 1430 1132 1469 iniuriam
1162 1429 1264 1468 illius
1294 1429 1434 1468 faciam
1465 1430 1519 1467 in-

186 1499 347 1536 lustrem
368 1498 399 1536 si
420 1497 517 1547 quid
538 1497 739 1548 scripsero,
763 1504 801 1535 et
823 1497 938 1534 simul
966 1510 1015 1534 ne
1044 1495 1212 1545 βαθύτης
1238 1509 1326 1533 mea
1350 1508 1451 1544 quae
1478 1495 1517 1532 in

185 1564 341 1613 agendo
370 1562 550 1612 apparuit
577 1562 615 1599 in
643 1562 855 1600 scribendo
883 1561 931 1599 sit
954 1560 1146 1599 occultior
1170 1568 1208 1599 et
1235 1559 1384 1610 aliquid
1411 1559 1517 1598 satis-

186 1628 304 1667 factio
334 1627 500 1666 levitatis
529 1628 675 1666 habere
704 1626 893 1665 videatur.
950 1627 1028 1665 Sed
1054 1625 1294 1673 viderimus,
1323 1633 1365 1663 tu
1395 1627 1516 1664 modo
1535 1632 1561 1670 4

186 1707 306 1744 quarn
336 1692 563 1743 saepissime
583 1693 634 1731 ad
656 1706 718 1731 me
738 1691 900 1743 aliquid.
962 1691 1181 1741 Epistulam
1213 1690 1386 1729 Lucceio
1412 1704 1518 1728 nunc

188 1773 307 1809 quam
331 1758 431 1805 misi,
448 1772 526 1808 qua
543 1772 649 1796 meas
671 1772 730 1796 res
752 1766 794 1795 ut
814 1757 958 1796 scribat
978 1771 1085 1807 rogo,
1105 1758 1165 1795 fac
1186 1764 1228 1794 ut
1248 1756 1298 1794 ab
1320 1770 1368 1794 eo
1389 1770 1520 1794 sumas

190 1825 320 1873 (valde
351 1825 454 1863 bella
483 1825 557 1874 est)
580 1839 752 1875 eumque
773 1833 814 1863 ut
842 1826 1077 1874 adproperet
1107 1821 1325 1861 adhorteris
1354 1829 1391 1859 et
1412 1822 1520 1870 quod

189 1889 284 1928 mihi
305 1904 346 1929 se
366 1890 420 1928 ita
440 1892 633 1929 facturum
655 1889 849 1940 rescripsit
869 1904 960 1940 agas
984 1888 1136 1940 gratias,
1160 1888 1324 1925 domum
1346 1894 1519 1925 nostram

187 1957 320 2005 quoad
354 1955 499 2006 poteris
534 1955 688 2002 invisas,
720 1955 904 1994 Vestorio
937 1954 1087 2005 aliquid
1127 1952 1332 2004 significes.
1392 1953 1520 1990 Valde

187 2020 293 2058 enim
314 2028 371 2059 est
392 2020 432 2058 in
454 2035 516 2059 me
537 2021 716 2059 liberalis.

232 2135 250 2154 2
278 2125 490 2164 Nequiquam
508 2126 623 2155 Baiter
639 2137 645 2156 :
670 2136 732 2156 nec
749 2125 928 2165 quicquam
947 2125 1006 2156 M:
1034 2136 1076 2156 ne
1095 2126 1126 2156 id
1144 2125 1281 2164 quidem
1298 2123 1383 2154 Reid
1500 2133 1519 2162 5

190 2167 373 2207 Reliquum
401 2169 464 2198 iam
494 2169 610 2200 Orelli:
647 2170 791 2209 reliquia
818 2170 858 2198 M
989 2180 1010 2208 9
1035 2180 1077 2199 ne
1103 2169 1178 2200 add.
1203 2169 1327 2200 Scln'ilz
1444 2177 1520 2206 pro-

189 2211 265 2240 bem
292 2211 483 2252 Malaspt'na
620 2222 656 2250 15
682 2213 784 2243 ferrei
812 2212 885 2242 M-‘z
926 2213 1002 2243 ferri
1030 2212 1080 2242 M‘
1103 2225 1109 2244 ε
1150 2213 1239 2242 servi
1274 2211 1372 2243 V1'ct.:
1409 2211 1520 2241 miseri

189 2256 267 2284 coni.
289 2255 390 2285 Boot:
417 2255 556 2286 ferimur
572 2256 793 2296 Hitscllselder
924 2267 960 2295 17
987 2257 1020 2285 in
1046 2255 1122 2287 add.
1144 2255 1268 2286 Mic‘ller
1403 2255 1440 2284 18
1465 2255 1521 2294 qui

189 2298 307 2328 videor
326 2298 442 2330 Lamb.
462 2311 469 2330 t
494 2301 586 2339 quod
604 2300 702 2330 video
720 2300 761 2329 M
777 2312 783 2330 ε
807 2311 905 2339 quom
924 2300 1041 2330 videar
1060 2300 1139 2330 coni.
1166 2299 1306 2329 Mz'zller:
1332 2299 1387 2338 qui
1404 2299 1523 2328 videar

190 2341 320 2416 {anesii
406 2353 479 2416 ΛῗῐΙ
494 2343 657 2374 oculatior
672 2343 792 2374 Rosius
881 2353 933 2382 23,
952 2354 993 2382 24
1020 2353 1108 2374 nunc
1125 2353 1224 2383 quam
1245 2337 1289 2371 Zb
1307 2354 1312 2371 :
1340 2352 1520 2380 numquam

257 2396 264 2416 z
289 2395 388 2421 quarn
446 2398 455 2402 ·
