1773 2651
577 169 689 205 EPP.
722 169 799 206 AD
835 170 1094 208 ATTICVM
1466 170 1568 209 VLi

227 279 360 328 Atque
401 280 497 317 haec
537 277 802 328 superioribus
843 278 977 318 litteris
1016 279 1222 330 diligenter
1259 283 1309 320 ad
1345 289 1381 320 te
1420 296 1501 332 pcr-

171 343 400 394 scripseram
428 346 497 383 sed
525 346 641 394 plane
662 352 699 383 te
720 344 943 395 intellegere
963 345 1067 384 volui
1090 346 1184 384 mihi
1206 360 1286 385 non
1311 347 1501 386 excidisse

170 408 266 448 illud
293 411 401 459 quod
427 417 467 447 tu
494 411 545 448 ad
574 423 637 448 me
662 410 900 459 quibusdam
929 410 1062 449 litteris
1090 411 1318 461 scripsisses,
1348 412 1378 450 si
1404 413 1499 450 nihil

168 474 275 513 aliud
292 476 341 513 de
363 477 436 513 hac
452 475 652 525 provincia
668 475 741 513 nisi
762 475 863 514 illius
885 477 1200 515 benevolentiam
1218 479 1501 528 deportassem,

131 552 147 583 5
170 540 266 578 mihi
292 540 333 579 id
358 540 450 579 satis
477 555 572 580 esse.
632 541 689 579 Sit
710 555 813 588 sane,
838 542 1026 592 quoniam
1051 542 1104 581 ita
1123 550 1165 580 tu
1185 543 1256 590 vis.
1277 545 1346 582 sed
1368 552 1499 582 tamen

168 617 259 642 cum
292 618 339 643 eo
370 607 491 644 credo
524 607 632 655 quod
668 606 752 644 sine
785 614 950 656 peccato
982 620 1071 645 meo
1103 608 1178 645 fiat.
1258 608 1381 657 Igitur
1410 623 1500 648 meo

167 671 327 709 decreto
361 673 489 710 soluta
523 685 582 710 res
616 671 775 722 Scaptio
810 680 894 710 stat.
955 674 1085 722 Quam
1121 673 1160 711 id
1195 682 1343 712 rectum
1377 674 1425 712 sit
1456 682 1497 712 tu

166 734 383 783 iudicabis;
421 750 471 775 ne
502 738 553 775 ad
586 737 781 776 Catonem
816 738 977 787 quidem
1013 739 1246 788 provocabo.
1308 741 1385 778 Sed
1416 740 1496 778 noli
1516 745 1540 782 8

166 814 230 839 me
264 810 399 851 putare
437 804 719 855 ἐγκελεύσματα
752 803 817 841 illa
850 811 916 841 tua
953 804 1143 842 abiecisse
1182 818 1283 854 quae
1323 805 1417 843 mihi
1457 805 1497 843 in

108 881 145 903 10
165 865 378 905 visceribus
400 868 571 906 haerent.
624 870 740 907 Flens
762 868 858 906 mihi
879 882 1007 906 meam
1030 871 1173 907 famam
1191 871 1498 918 commendasti;

165 943 266 979 quae
301 931 467 981 epistula
498 940 565 970 tua
596 940 654 971 est
684 933 723 970 in
754 946 831 983 qua
861 946 935 971 non
964 935 1043 971 eius
1073 934 1315 973 mentionem
1351 936 1499 975 facias?

166 997 306 1046 Itaque
338 996 524 1035 irascatur
555 998 621 1047 qui
656 1000 784 1046 volet3
823 998 955 1049 patiar.
1032 1001 1083 1037 Τὸ
1116 1001 1189 1052 γὰρ
1219 1001 1258 1038 εὖ
1289 1002 1367 1050 μετ’
1395 1005 1496 1052 ἐμοῦ,

163 1061 389 1110 praesertim
417 1075 508 1100 cum
536 1076 602 1100 sex
628 1062 735 1100 libris
763 1070 964 1113 tamquam
992 1063 1204 1114 praedibus
1231 1079 1294 1104 me
1321 1066 1404 1116 ipse
1430 1067 1498 1106 ob-

164 1125 396 1173 strinxerim,
417 1140 516 1176 quos
543 1127 614 1166 tibi
642 1135 721 1165 tam
749 1129 862 1166 valde
890 1128 1044 1178 probari
1070 1131 1235 1179 gaudeo.
1298 1133 1330 1169 E
1352 1132 1495 1181 quibus

106 1207 142 1238 15
163 1204 287 1228 unum
309 1193 495 1241 ἱστορικὸν
514 1191 676 1242 requiris
698 1193 748 1230 de
769 1193 841 1231 Cn.
868 1193 1015 1240 Flavio,
1032 1195 1137 1232 Anni
1160 1195 1249 1234 filio.
1311 1198 1383 1235 Ille
1404 1211 1495 1235 vero

163 1264 254 1294 ante
282 1256 526 1295 decemviros
557 1270 637 1295 non
664 1257 736 1295 fuit
763 1257 910 1307 quippe
937 1258 1002 1307 qui
1030 1259 1167 1297 aedilis
1197 1261 1340 1300 curulis
1368 1262 1494 1305 fuerit.

164 1320 232 1370 qui
259 1321 505 1370 magistratus
534 1321 665 1359 multis
692 1321 804 1359 annis
825 1329 913 1371 post
934 1323 1178 1362 decemviros
1203 1324 1403 1364 institutus
1424 1335 1491 1365 est.

166 1385 274 1435 Quid
295 1399 386 1436 ergo
407 1386 571 1436 profecit
588 1387 697 1436 quod
718 1386 877 1436 protulit
898 1388 1047 1426 fastos?
1086 1390 1334 1429 Occultatam
1356 1399 1495 1441 putant

164 1452 339 1500 quodam
367 1459 543 1501 ternpore
571 1451 684 1489 istam
715 1452 904 1498 tabulam,
924 1460 965 1490 ut
993 1452 1076 1491 dies
1102 1455 1245 1504 agendi
1272 1464 1495 1505 peterentur

103 1533 138 1554 20
161 1528 185 1553 a
223 1515 369 1565 paucis.
441 1518 526 1554 Nec
566 1530 658 1554 vero
696 1516 811 1566 pauci
852 1525 941 1554 sunt
980 1526 1159 1557 auctores
1201 1521 1273 1559 Cn.
1316 1522 1492 1560 Flavium

160 1580 329 1619 scribam
363 1582 483 1619 fastos
514 1581 722 1631 protulisse
755 1580 1010 1631 actionesque
1041 1585 1326 1634 composuisse,
1350 1601 1399 1625 ne
1430 1601 1492 1626 me

159 1646 236 1683 hoc
267 1647 327 1684 vel
361 1646 491 1696 potius
522 1646 752 1684 Africanum
783 1646 831 1696 (is
865 1647 971 1685 enim
1002 1649 1191 1699 loquitur)
1221 1660 1491 1690 commentum

159 1717 283 1760 putes.
345 1714 423 1749 Οὐκ
448 1712 560 1749 ἔλαθέ
585 1729 629 1749 σε
656 1711 752 1750 illud
773 1713 823 1750 de
843 1720 954 1762 gestu
976 1712 1184 1752 histrionis.
1245 1717 1307 1754 Tu
1328 1719 1491 1757 sceleste

159 1775 379 1824 suspicaris,
400 1790 473 1827 ego
494 1780 644 1826 ἀφελῶς
663 1776 809 1826 scripsi.
871 1779 933 1815 De
954 1791 1017 1815 me
1038 1777 1270 1829 imperatore
1297 1781 1432 1820 scribis
1455 1791 1491 1821 te
1511 1789 1539 1827 9

100 1854 138 1885 25
160 1853 206 1877 ex
234 1840 435 1879 Philotimi
463 1841 598 1879 litteris
628 1855 844 1891 cognosse;
879 1843 949 1880 sed
980 1844 1098 1881 credo
1125 1851 1176 1891 te,
1200 1844 1277 1882 iam
1305 1845 1345 1884 in
1371 1847 1491 1897 Epiro

159 1918 249 1942 cum
281 1918 399 1951 esses,
425 1906 536 1944 binas
572 1920 679 1945 meas
713 1908 764 1945 de
799 1907 985 1945 omnibus
1016 1908 1131 1946 rebus
1160 1910 1370 1960 accepisse,
1394 1926 1491 1950 unas

157 1983 181 2006 a
211 1969 444 2008 Pindenisso
475 1979 603 2021 capto,
631 1973 771 2010 alteras
803 1972 1011 2019 Laodicea,
1043 1980 1226 2023 utrasque
1257 1975 1332 2013 tuis
1362 1977 1490 2026 pueris

158 2034 279 2071 datas.
338 2034 494 2083 Quibus
515 2036 565 2073 de
586 2036 701 2073 rebus
723 2044 880 2086 propter
901 2050 1035 2075 casum
1058 2038 1267 2088 navigandi
1288 2054 1356 2090 per
1377 2041 1491 2079 binos

159 2097 380 2136 tabellarios
402 2099 489 2136 misi
513 2101 683 2138 Romam
705 2101 862 2150 publice
886 2101 1041 2140 litteras.

207 2200 218 2218 1
247 2190 429 2228 diligenter
459 2191 499 2220 ad
528 2196 560 2221 te
594 2195 639 2221 E:
678 2193 720 2222 ad
753 2198 786 2222 te
816 2193 996 2229 diligenter
1020 2200 1047 2225 Δ
1193 2207 1209 2236 7
1236 2202 1301 2227 stat
1330 2197 1489 2238 llffadvtg:

158 2234 269 2263 statim
288 2233 333 2262 M.
381 2233 506 2263 Lorum
531 2235 612 2264 daut
634 2235 690 2264 l10c
716 2236 813 2266 modo
835 2237 1026 2278 ll'escnbetg
1048 2243 1075 2268 ct
1098 2239 1213 2270 Bal'trr
1235 2241 1342 2279 Igitur
1361 2247 1395 2271 ut
1414 2252 1488 2272 meo

158 2277 297 2306 decreto
314 2277 464 2306 solvatur
481 2277 619 2317 Scaptio
638 2279 761 2313 statim.
777 2290 876 2318 quam
897 2281 928 2311 id
947 2287 1073 2312 rectum
1090 2283 1132 2313 sit
1150 2288 1183 2313 tu
1204 2284 1368 2314 iudicabis
1383 2296 1390 2315 ι
1404 2285 1486 2324 fort.

158 2320 266 2349 soluta
291 2329 344 2349 res
369 2318 503 2362 (esset)
529 2321 667 2360 Scaptio
691 2323 802 2353 statim
940 2335 973 2354 11
1003 2336 1070 2355 non
1092 2327 1165 2356 eius
1187 2327 1264 2358 add.
1283 2328 1393 2358 Koch:
1421 2339 1487 2358 non

158 2362 232 2392 add.
259 2362 279 2391 I
415 2373 453 2393 21
481 2366 681 2403 exposuisse
698 2365 859 2406 Sclzillz'ng
1005 2379 1044 2407 27
1069 2370 1179 2408 afort.
1205 2371 1488 2410 transponendum

158 2409 232 2436 ante
249 2405 418 2436 Laodicea
465 2407 632 2438 Laodicea
651 2411 673 2438 Σ
693 2421 699 2438 z
722 2419 741 2438 a
760 2409 928 2441 Laodicea
948 2416 974 2440 Δ
1118 2414 1159 2443 28
1183 2423 1281 2444 casus
1302 2414 1490 2455 lVesenberg

158 2459 200 2487 29
224 2449 357 2487 publice
375 2449 506 2480 litteras
524 2454 566 2482 2:
592 2451 722 2482 litteras
740 2453 871 2492 publice
890 2459 916 2484 Δ

201 2501 264 2523 cxc.
282 2502 329 2522 AD
346 2502 420 2524 Αττ.
1359 2502 1400 2532 12
