1747 2620
522 524 1045 578 PRAEFATIO

170 704 426 742 CICERONEM
466 703 517 740 de
555 701 732 751 epistulis
767 700 846 738 suis
881 700 1046 739 edendis
1085 701 1217 739 adhuc
1252 702 1449 739 viventem

115 769 306 817 cogitasse
334 769 416 817 ipse
445 765 560 804 nobis
588 765 778 804 indicium
808 766 897 803 fecit
926 763 993 815 (ad
1022 767 1102 803 Att.
1134 765 1204 802 xvi.
1237 778 1269 815 5.
1299 767 1349 816 5),
1381 768 1449 804 sed

115 847 194 883 quo
222 833 351 871 minus
379 833 625 882 propositum
655 838 933 880 exsequeretur
960 839 1207 880 praematura
1235 844 1339 868 mors
1368 845 1451 881 pro-

115 897 251 935 hibuit.
312 897 390 935 Sed
421 895 588 942 Atticus,
619 894 822 935 Ciceronis
852 894 1189 942 familiarissimus,
1218 896 1338 933 homo
1369 896 1452 934 dili-

113 976 208 1012 gens
234 961 462 1011 ordinisque
488 959 747 999 conservandi
773 959 984 1006 studiosus,
1009 973 1163 997 summa
1187 973 1280 997 cura
1308 962 1450 998 multas

114 1026 230 1065 amici
265 1026 450 1077 epistulas
486 1025 526 1063 in
561 1024 752 1063 thesauris
788 1024 867 1063 suis
901 1025 1152 1063 custodiebat
1185 1039 1350 1075 quarum
1384 1040 1449 1063 un-

113 1094 242 1132 decim
272 1091 475 1130 volumina
510 1091 586 1129 iam
618 1091 767 1129 viderat
800 1092 935 1140 Nepos
969 1089 1067 1140 (Att.
1106 1090 1170 1141 16>
1205 1099 1242 1129 et
1275 1092 1448 1140 quodam

114 1159 234 1196 modo
262 1164 493 1196 excusserat.
556 1158 709 1194 Tamen
733 1156 794 1194 vix
819 1156 1007 1195 credibile
1035 1165 1092 1195 est
1118 1156 1295 1195 Atticum
1322 1156 1449 1207 ipsum

113 1225 181 1261 has
221 1222 406 1272 epistulas
451 1220 650 1260 edidisse:
698 1234 836 1271 parurn
879 1221 984 1259 enim
1029 1221 1173 1271 gloriae
1213 1229 1250 1259 et
1290 1221 1450 1260 honoris

113 1288 296 1328 Ciceroni
331 1288 483 1325 adferre
512 1294 694 1336 poterant
724 1287 831 1336 apud
862 1286 1044 1324 homines
1075 1300 1200 1336 nuper
1230 1286 1268 1323 in
1300 1288 1449 1326 eisdem

113 1354 227 1392 rebus
248 1352 416 1403 publicis
438 1360 621 1398 versatos,
642 1360 679 1389 et
702 1351 762 1389 vix
784 1351 862 1389 veri
885 1351 1011 1389 simile
1034 1360 1091 1389 est
1113 1351 1316 1390 hominem
1339 1351 1449 1390 illum

112 1418 178 1468 qui
214 1426 361 1456 tantam
398 1417 514 1456 rebus
550 1430 683 1455 curam
720 1417 976 1466 impendebat
1012 1417 1267 1467 plurimarum
1308 1417 1451 1467 epistu-

114 1485 236 1521 larum
268 1483 447 1521 ordinem
479 1490 559 1520 tam
592 1482 833 1532 negligenter
865 1481 991 1532 (quod
1023 1482 1184 1533 quidem
1215 1483 1266 1520 ad
1294 1490 1450 1533 tempus

112 1562 193 1598 quo
222 1562 403 1598 quaeque
432 1549 524 1586 data
554 1550 601 1586 sit
632 1547 789 1598 attinet)
818 1560 937 1596 quam
967 1547 1006 1585 in
1034 1547 1141 1586 libris
1169 1549 1333 1586 traditur
1360 1561 1450 1586 con-

112 1614 338 1651 stituturum
359 1612 489 1651 fuisse.
552 1614 692 1662 Itaque
717 1612 938 1651 Fridericus
962 1614 1055 1659 Leo,
1079 1614 1135 1650 vir
1159 1613 1411 1651 doctissimus
1426 1614 1447 1661 ¹,

112 1678 194 1717 iure
221 1686 390 1717 statuere
415 1677 568 1716 videtur
597 1677 730 1715 multis
759 1677 872 1716 annis
901 1686 989 1727 post
1017 1677 1138 1716 Attici
1167 1686 1345 1725 mortem,
1372 1678 1449 1716 iarn

113 1747 292 1795 Augusto
331 1752 369 1782 et
407 1743 571 1782 Tiberio
613 1745 786 1792 mortuis,
826 1743 949 1781 Attici
990 1743 1191 1782 volumina
1230 1743 1269 1781 in
1310 1757 1449 1782 manus

112 1809 323 1848 redactoris
363 1809 568 1848 cuiusdam
609 1809 773 1856 venisse,
813 1810 879 1858 qui
920 1808 1091 1858 demptis
1131 1810 1318 1859 postremi
1356 1809 1449 1847 anni

112 1875 213 1913 vitae
240 1875 444 1915 Ciceronis
469 1875 645 1926 epistulis
674 1883 711 1914 et
734 1877 897 1913 fortasse
919 1874 1064 1913 additis
1084 1875 1169 1913 aliis
1191 1886 1291 1926 quae
1313 1883 1450 1926 postea

113 1940 295 1980 inventae
316 1948 425 1979 erant
446 1942 621 1979 sedecim
641 1940 888 1978 voluminum
912 1953 1014 1989 quae
1035 1940 1150 1978 nobis
1168 1940 1287 1979 hodie
1304 1948 1450 1979 restant

112 2020 253 2056 corpus
277 2006 455 2057 explevit.
519 2006 669 2057 Insigni
699 2020 814 2056 porro
837 2005 1017 2044 doctrina
1038 2007 1172 2044 statuit
1194 2008 1276 2045 Leo
1297 2007 1450 2044 circiter

112 2084 260 2109 annum
293 2071 577 2122 sexagesimum
612 2079 699 2121 post
733 2071 932 2111 Christum
966 2079 1101 2109 natum
1132 2072 1209 2109 hoc
1239 2084 1338 2121 opus
1369 2085 1450 2121 per-

113 2138 259 2174 fectum
295 2149 379 2175 esse
414 2145 452 2175 et
490 2137 687 2187 Epistulas
723 2137 773 2175 ad
810 2136 986 2175 Atticum
1024 2136 1171 2185 publici
1204 2136 1296 2174 iuris
1328 2138 1449 2175 factas

112 2214 219 2239 esse:
251 2215 342 2239 nam
372 2202 580 2246 Asconius,
604 2201 808 2251 indagator
837 2214 965 2239 rerum
993 2202 1043 2239 ad
1073 2200 1309 2240 Ciceronem
1337 2201 1450 2250 perti-

112 2265 289 2303 nentium
320 2266 550 2313 indefessus,
579 2266 645 2316 qui
674 2266 826 2315 scripsit
853 2265 955 2303 circa
982 2265 1165 2315 quintum
1193 2274 1231 2304 et
1259 2266 1449 2316 quinqua-

158 2367 167 2386 ¹
194 2368 256 2399 Die
271 2368 479 2400 Pnblz‘kation
497 2381 560 2400 von
580 2369 701 2400 Ciceros
718 2369 850 2408 Brz'qfhn
864 2380 908 2399 an
923 2369 1054 2399 Atticus
1068 2369 1100 2399 in
1121 2376 1126 2386 ¹
1141 2369 1370 2400 Nachrichtcn
1389 2371 1449 2400 der

113 2411 191 2450 phil.
205 2413 282 2444 hist.
297 2413 420 2443 Klasse
435 2415 495 2444 der
508 2413 548 2443 Κ.
563 2413 794 2444 Gesellschast
806 2414 867 2443 der
878 2413 1177 2444 wissenschaften
1189 2424 1228 2443 zu
1241 2413 1446 2453 Gottingen’

117 2456 198 2494 1895
