1732 2661
97 895 135 917 10

98 1640 136 1661 20

563 190 675 226 EPP.
709 190 785 226 ΑΙ)
817 191 1075 229 ATTICVM
1463 195 1514 231 ΙΙ.
1535 193 1612 231 xiv

157 300 442 349 εὐανατρέπτους
471 298 632 345 videbit,
654 313 762 337 ruere
794 299 964 350 incipiat.
1026 302 1112 350 Ego
1138 308 1270 339 autem
1296 315 1420 351 usque
1442 316 1488 340 eo

157 377 244 402 sum
283 372 488 402 enervatus
523 372 564 401 ut
599 365 674 402 hoc
709 364 790 402 otio
825 378 905 414 quo
940 378 1045 403 nunc
1080 365 1319 404 tabescimus
1355 366 1488 404 malim

156 430 450 478 e'vrvpam‘eicrssac
470 442 589 478 quam
611 442 700 466 cum
723 428 872 478 optima
893 443 961 479 spe
982 429 1179 468 dimicare.

211 496 273 532 De
320 495 531 544 pangendo
570 495 678 543 quod
724 507 786 531 me
829 495 965 532 crebro
1004 494 1232 541 adhortaris,
1270 495 1352 533 fieri
1391 495 1531 533 nihi12

155 567 294 609 potest.
357 558 565 597 Basilicam
596 559 725 596 habeo
753 572 833 597 non
855 558 986 597 villam
1011 559 1231 609 frequentia
1263 560 1488 599 Formiano-

156 637 240 661 rum
262 625 336 663 †ad
359 637 476 673 quam
507 631 657 673 partem
688 622 872 662 basilicae
903 623 1047 662 tribum
1073 624 1321 663 Aemiliamt.
1410 626 1487 664 Sed

155 688 295 727 omitto
334 689 495 738 vulgus3
538 695 627 737 post
667 689 802 726 horam
842 696 1021 738 quartam
1060 689 1215 727 molesti
1255 689 1372 728 ceteri
1407 704 1487 728 non

155 761 255 791 sunt.
316 755 360 793 C.
395 753 530 791 Arrius
563 752 763 803 proximus
794 761 852 791 est
882 753 1044 800 vicinus,
1075 753 1197 793 immo
1229 754 1293 793 ille
1325 754 1487 805 quidem

155 818 232 857 iam
254 818 561 866 contubernalisJ
577 817 644 867 qui
665 818 783 856 etiam
809 832 849 856 se
870 818 1018 857 idcirco
1041 821 1212 857 Romam
1236 819 1288 858 ire
1309 828 1425 870 negat
1446 828 1487 858 ut

155 883 218 922 hic
239 898 395 923 mecum
417 891 521 922 totos
548 883 632 922 dies
657 883 966 934 philosophetur.
1028 885 1133 922 Ecce
1161 898 1207 922 ex
1231 886 1351 923 altera
1379 893 1487 935 parte

155 950 337 996 Sebosus,
370 949 434 988 ille
465 949 595 988 Catuli
626 948 834 987 familiaris.
895 950 988 998 Quo
1018 963 1082 988 me
1112 952 1290 988 vertam?
1346 950 1485 988 Statim

155 1028 217 1052 me
233 1015 392 1052 hercule
410 1014 605 1063 Arpinum
624 1013 731 1060 irem,
747 1014 786 1051 ni
809 1021 846 1052 te
867 1013 906 1052 in
929 1014 1142 1053 Formiano
1163 1015 1487 1054 commodissime

153 1079 367 1129 exspectari
402 1079 579 1118 viderem
609 1080 812 1117 dumtaxat
843 1081 893 1118 ad
928 1093 982 1129 pr.
1017 1081 1154 1118 Nonas
1189 1079 1344 1124 Maias;
1378 1080 1487 1119 vides

154 1144 259 1182 enim
286 1144 430 1194 quibus
457 1144 685 1183 hominibus
709 1158 821 1182 aures
851 1144 927 1182 sint
956 1144 1113 1183 deditae
1136 1159 1257 1183 meae.
1322 1146 1356 1184 O
1379 1159 1488 1184 occa-

118 1222 133 1250 5
155 1208 306 1247 sionem
329 1209 545 1255 mirificam,
569 1208 600 1247 si
627 1208 694 1258 qui
716 1222 821 1247 nunc
843 1210 937 1247 dum
961 1209 999 1246 hi
1020 1211 1127 1259 apud
1156 1223 1218 1248 me
1246 1218 1336 1248 sunt
1357 1224 1487 1250 emere

154 1275 204 1312 de
226 1288 288 1313 me
310 1276 477 1313 fundum
501 1274 754 1313 Formianum
777 1274 867 1312 velit
888 1278 893 1312 ἒ
954 1277 1003 1312 Et
1025 1282 1156 1313 tamen
1180 1275 1276 1313 illud
1297 1276 1461 1325 probem
1479 1292 1486 1315 1

157 1342 165 1358 ⁴
181 1341 371 1389 Magnum
405 1339 500 1390 quid
532 1339 807 1389 adgrediamur
841 1347 879 1377 et
912 1341 1057 1378 multae
1092 1339 1340 1390 cogitationis
1369 1348 1487 1391 atque

155 1404 209 1442 oti
227 1406 266 1442 Ῥ
323 1406 401 1443 Sed
423 1412 554 1443 tamen
576 1404 667 1442 satis
690 1405 754 1443 fiet
775 1418 797 1442 a
818 1404 932 1442 nobis
954 1418 1083 1454 neque
1105 1413 1284 1455 parcetur
1305 1405 1438 1444 labori.

196 1535 281 1570 XV
383 1537 453 1569 Scr.
475 1538 508 1568 in
527 1538 709 1568 Formiano
726 1538 792 1569 circ.
814 1539 851 1568 iii
863 1538 906 1569 K.
928 1538 1008 1568 Mai.
1027 1549 1057 1569 a.
1079 1540 1136 1578 695
1156 1538 1246 1579 (59).

566 1626 740 1657 CICERO
772 1626 823 1657 ΑἹ
835 1626 945 1657 TICO
980 1627 1076 1658 SAL.

208 1718 261 1754 Vt
282 1716 418 1755 scribis
439 1716 492 1754 ita
512 1716 628 1754 video
649 1729 729 1754 non
752 1715 881 1753 minus
901 1715 1048 1754 incerta
1069 1716 1107 1754 in
1129 1731 1168 1755 re
1189 1717 1347 1768 publica
1367 1731 1486 1768 quam

154 1780 193 1818 in
222 1781 388 1831 epistula
419 1789 495 1827 tua,
519 1782 589 1819 sed
614 1789 746 1819 tamen
775 1780 847 1818 ista
870 1780 954 1830 ipsa
982 1795 1044 1819 me
1069 1781 1231 1820 varietas
1259 1796 1485 1822 sermonum

154 1845 468 1896 opinionumque
508 1847 688 1884 delectat.
761 1847 915 1883 Romae
954 1845 1059 1883 enim
1099 1846 1234 1885 videor
1272 1861 1356 1886 esse
1395 1862 1485 1886 curn

154 1918 240 1949 tuas
260 1910 405 1949 litteras
436 1912 522 1961 lego
547 1919 596 1957 et,
620 1919 661 1948 ut
683 1912 725 1948 fit
752 1910 791 1948 in
820 1910 936 1949 tantis
964 1912 1090 1958 rebus,
1115 1913 1236 1950 modo
1264 1914 1339 1951 hoc
1365 1914 1486 1951 modo

154 1975 250 2014 illud
280 1975 425 2014 audire.
489 1977 593 2014 Illud
616 1984 747 2014 tamen
770 1975 962 2026 explicare
994 1990 1075 2014 non
1104 1990 1265 2027 possum
1294 1977 1484 2027 quidnam

154 2040 316 2078 inveniri
357 2041 479 2091 possit
527 2043 636 2079 nullo
679 2049 882 2079 recusante
921 2043 971 2080 ad
1010 2043 1236 2080 facultatem
1284 2043 1482 2092 agrariam.

156 2104 286 2143 Bibuli
316 2114 446 2144 autem
470 2106 542 2144 ista
564 2105 794 2155 magnitudo
814 2106 935 2144 animi
956 2106 995 2144 in
1016 2106 1267 2145 comitiorum
1297 2107 1486 2147 dilatione

154 2169 251 2219 quid
285 2170 404 2208 habet
435 2170 509 2208 nisi
545 2170 665 2220 ipsius
698 2170 887 2208 iudicium
921 2171 1004 2209 sine
1043 2174 1121 2210 ulla
1156 2172 1398 2211 correctione
1432 2173 1485 2211 rei

198 2276 220 2304 6
244 2280 277 2304 at
309 2274 358 2304 vel
385 2276 427 2305 ad
460 2274 549 2306 codd.
716 2285 830 2314 parem
856 2276 985 2306 Bostus.
1034 2275 1161 2305 Locum
1186 2277 1231 2306 ila
1258 2277 1484 2317 nfingendum

155 2319 233 2348 coni.
253 2318 337 2347 Boot
360 2323 460 2357 atque
486 2329 647 2357 lmparem
673 2318 841 2348 basilicam
867 2319 966 2349 tribui
992 2319 1180 2351 Aemiliae:
1213 2320 1335 2359 Tyrrell
1357 2325 1390 2350 at
1406 2321 1485 2360 quoi

155 2362 370 2400 aequiparem
407 2362 567 2392 basilicae
611 2362 733 2391 tribum
774 2362 1000 2393 Aemiliam2:
1042 2362 1127 2393 Reid
1155 2368 1189 2393 at
1222 2374 1321 2402 quam
1354 2370 1483 2403 partem

156 2404 292 2435 basilica
310 2405 416 2435 tribus
441 2405 609 2435 Aemiliae
628 2413 683 2438 (sc.
704 2405 835 2445 capz'et);
861 2406 997 2436 aliialt'a
1160 2416 1196 2444 14
1223 2406 1252 2436 O
1270 2406 1345 2438 add.
1366 2406 1487 2439 Mt'iller

156 2450 197 2478 26
222 2448 365 2478 inveniri
384 2448 579 2479 Asccnsius:
607 2449 669 2478 -ire
686 2448 773 2479 codd.
