1773 2651
169 188 245 225 ΙΙΙ.
270 188 363 224 xvii
628 190 681 225 M.
714 190 881 225 TVLLI
914 189 1221 227 CICERONIS

301 295 437 330 XVII
526 298 596 331 Ser.
623 299 859 329 leessalom'cae
869 304 920 339 pr.
941 298 1026 330 Non.
1047 299 1133 339 Sept.
1155 310 1184 330 a.
1206 299 1270 339 696
1287 299 1374 340 (58).

681 376 854 407 CICERO
880 375 1051 406 ATTICO
1078 376 1174 407 SAL.

222 464 239 490 1
316 457 376 493 De
405 453 556 503 Quinto
584 455 698 491 fratre
728 453 855 491 nuntii
884 453 997 491 nobis
1029 453 1154 491 tristes
1186 467 1258 491 nec
1286 453 1379 491 varii
1404 461 1591 492 venerant

259 534 305 558 ex
329 527 421 557 ante
445 519 551 557 diem
573 526 639 555 [ΙΙ
662 520 765 556 Non.
792 520 877 556 Iun.
901 531 1025 567 usque
1049 519 1099 556 ad
1130 517 1226 568 prid.
1252 519 1340 555 Kal.
1364 519 1468 568 Sept.
1529 520 1590 557 Eo

256 593 388 623 autem
421 584 485 622 die
521 584 721 622 Livineius
756 585 799 620 L.
833 583 973 632 Reguli
1003 583 1163 621 libertus
1201 585 1252 622 ad
1288 596 1351 621 me
1385 596 1408 620 a
1436 585 1589 633 Regulo
1609 599 1626 630 5

258 650 397 688 missus
428 649 543 687 venit.
606 651 644 687 Is
679 649 843 687 omnino
875 648 1118 687 mentionem
1150 650 1297 686 nullam
1329 650 1471 686 factam
1504 662 1588 687 esse

258 713 449 751 nuntiavit
471 715 540 752 sed
562 714 682 752 fuisse
704 721 835 751 tamen
857 727 1079 751 sermonem
1101 714 1151 751 de
1173 714 1216 752 C.
1236 713 1353 752 Clodi
1375 713 1455 751 filio
1476 712 1587 762 isque

256 779 352 816 mihi
384 775 474 830 ’Γᾷῗῇ
506 781 619 817 fratre
654 779 799 817 litteras
831 778 969 816 attulit.
1030 779 1107 817 Sed
1135 778 1322 828 postridie
1351 779 1450 817 Sesti
1477 778 1587 828 pueri

256 852 445 882 venerunt
475 845 542 894 qui
571 858 593 882 a
621 852 658 882 te
687 844 832 882 litteras
861 845 1074 881 attulerunt
1101 857 1180 881 non
1208 851 1287 881 tarn
1317 844 1534 893 exploratas
1563 857 1586 881 a

256 909 394 948 timore
422 923 540 959 quam
571 923 699 947 sermo
728 908 879 947 Livinei
906 910 1040 947 fuerat.
1101 910 1203 946 Sane
1231 922 1317 946 sum
1348 908 1387 945 in
1416 922 1505 946 meo
1532 908 1585 946 in-
1610 926 1646 948 ιο

256 974 365 1012 finito
388 988 562 1012 maerore
582 974 771 1012 sollicitus
793 981 829 1012 et
846 987 894 1012 eo
915 973 1037 1023 magis
1059 974 1166 1023 quod
1183 972 1288 1023 Appi
1305 973 1482 1022 quaestio
1503 981 1571 1011 est.

211 1049 236 1076 2
310 1041 450 1079 Cetera
477 1054 577 1090 quae
604 1041 654 1078 ad
683 1053 745 1078 me
772 1039 921 1078 eisdem
950 1039 1085 1077 litteris
1112 1038 1248 1077 scribis
1273 1039 1322 1076 de
1347 1046 1478 1076 nostra
1503 1052 1582 1088 spe,

255 1104 439 1155 intellego
460 1119 545 1143 esse
566 1104 810 1155 languidiora
830 1118 949 1154 quarn
970 1103 1033 1142 alii
1055 1104 1280 1142 ostendunt.
1343 1105 1426 1153 Ego
1451 1111 1583 1141 autem

255 1170 442 1220 quoniam
478 1184 558 1208 non
593 1171 709 1219 longe
742 1170 792 1207 ab
826 1183 875 1208 eo
909 1177 1085 1219 tempore
1118 1169 1306 1207 absumus
1341 1167 1380 1205 in
1411 1181 1490 1218 quo
1524 1182 1584 1206 res

254 1235 544 1281 diiudicabitur,
566 1243 632 1273 aut
653 1236 703 1273 ad
720 1243 757 1273 te
781 1236 981 1273 conferam
1003 1248 1066 1272 me
1085 1242 1152 1272 aut
1169 1233 1286 1272 etiam
1309 1248 1413 1272 nunc
1435 1233 1580 1272 circum
1607 1250 1641 1283 15

210 1308 234 1344 3
255 1303 351 1340 haec
382 1303 469 1340 loca
500 1302 785 1340 commorabor.
851 1300 992 1339 Scribit
1020 1301 1071 1339 ad
1106 1314 1170 1339 me
1203 1302 1316 1338 frater
1351 1301 1485 1339 onmia
1513 1314 1583 1338 sua

254 1381 322 1417 per
343 1375 380 1405 te
407 1381 529 1405 unum
557 1366 747 1404 sustineri.
809 1365 917 1414 Quid
939 1373 976 1404 te
1004 1373 1071 1403 aut
1096 1367 1226 1404 horter
1253 1368 1361 1416 quod
1388 1366 1494 1412 facis,
1516 1374 1583 1404 aut

252 1446 365 1482 agam
392 1432 533 1482 gratias
563 1433 672 1482 quod
700 1445 780 1469 non
808 1433 1038 1481 exspectas?
1086 1433 1259 1469 Tantum
1282 1432 1398 1470 velim
1427 1433 1583 1470 fortuna

253 1499 318 1536 det
336 1498 450 1536 nobis
471 1505 705 1548 potestatem
728 1505 769 1535 ut
786 1496 1003 1535 incolumes
1023 1510 1157 1535 amore
1178 1505 1311 1535 nostro
1328 1499 1578 1547 perfruamur.

252 1564 358 1600 Tuas
398 1562 542 1601 litteras
581 1576 734 1612 semper
774 1561 941 1599 maxime
980 1570 1191 1612 exspecto;
1231 1562 1270 1600 in
1305 1562 1448 1612 quibus
1488 1575 1581 1600 cave
1603 1575 1642 1595 20

252 1642 406 1666 vereare
428 1643 476 1667 ne
497 1636 563 1666 aut
584 1627 785 1678 diligentia
806 1636 871 1665 tua
893 1627 988 1665 mihi
1010 1629 1174 1666 molesta
1194 1636 1260 1666 aut
1281 1627 1420 1666 veritas
1440 1627 1582 1665 acerba

252 1693 310 1732 sit.
373 1695 474 1731 Data
495 1707 548 1743 pr.
569 1695 705 1731 Nonas
727 1694 831 1742 Sept.

295 1822 455 1857 XVIII
501 1825 570 1856 Ser.
598 1825 833 1855 lecssczlonz'cae
851 1825 955 1855 medio
974 1837 1016 1856 m.
1040 1825 1127 1866 Sept.
1146 1837 1178 1857 a.
1196 1825 1260 1865 696
1272 1824 1351 1865 (58).

669 1902 844 1933 CICERO
868 1903 1041 1933 ATTICO
1067 1903 1164 1934 SAL.

216 1997 233 2023 1
307 1981 652 2032 Exspectationem
693 1981 807 2019 nobis
843 1995 922 2019 non
952 1995 1110 2031 parvam
1149 1981 1332 2018 attuleras
1367 1992 1456 2016 cum
1492 1977 1579 2016 scri·
1602 1995 1638 2026 ²5

251 2060 381 2097 pseras
389 2048 605 2084 Varronem
616 2046 685 2084 tibi
699 2060 770 2096 pro
783 2046 954 2085 amicitia
967 2047 1220 2085 confirmasse
1233 2057 1391 2083 causam
1406 2051 1578 2081 nostram

252 2111 485 2162 Pompeium
511 2119 614 2149 certe
642 2119 913 2162 suscepturum
936 2119 985 2157 et,
1008 2111 1122 2149 simul
1144 2124 1166 2148 a
1187 2111 1354 2149 Caesare
1375 2107 1409 2146 ei
1431 2107 1579 2146 litterae

251 2191 347 2227 quas
377 2184 618 2227 exspectaret
649 2177 832 2216 remissae
862 2183 1002 2223 essent,
1031 2183 1204 2214 actorem
1234 2174 1351 2213 etiam
1382 2175 1575 2212 daturum.

295 2293 314 2318 4
340 2292 377 2311 111
397 2281 469 2310 add.
493 2281 601 2310 Hand
724 2290 743 2319 5
771 2281 796 2310 L
814 2279 906 2310 [Wan.
927 2291 932 2308 :
959 2279 990 2308 M
1011 2279 1072 2309 M:
1097 2289 1159 2309 om.
1179 2278 1206 2308 C
1334 2278 1354 2306 8
1378 2273 1447 2316 dm*
1471 2281 1541 2306 tum
1560 2287 1579 2307 a

251 2329 319 2355 velt.
339 2337 345 2355 :
370 2336 388 2354 a
407 2325 446 2363 Q.
466 2325 564 2354 Klots
760 2328 834 2364 post
862 2323 972 2352 attulit
1001 2322 1075 2353 add.
1102 2333 1120 2351 a
1145 2328 1178 2352 te
1204 2321 1311 2350 nullas
1328 2321 1439 2350 attulit
1458 2320 1577 2350 Lamb.

255 2371 340 2405 isteste
360 2368 593 2408 Il'escnbetgio)
685 2377 721 2396 21
748 2377 886 2397 vereare
903 2366 1110 2405 ll'csenbm‘g:
1143 2365 1251 2395 vereri
1276 2362 1314 2393 Z!
1336 2370 1578 2403 (quamquam

250 2415 410 2451 postrema
436 2412 559 2450 syllaba
588 2421 653 2441 non
681 2410 867 2440 admodum
894 2410 1095 2449 appareat’),
1121 2407 1178 2438 sed
1206 2418 1286 2438 cave
1317 2418 1391 2437 cum
1419 2406 1579 2446 infinitivo

252 2455 456 2484 coniunctum
475 2456 530 2485 vix
546 2454 700 2485 Ciceronis
715 2458 781 2484 est:
807 2464 871 2484 om.
891 2452 931 2482 M
1019 2454 1060 2483 28
1084 2457 1232 2483 actorem
1251 2449 1290 2482 Zl
1307 2462 1314 2482 ε
1338 2455 1508 2481 auctorem
1525 2449 1564 2479 M
