<?xml version="1.0" encoding="UTF-8"?>
<!DOCTYPE html PUBLIC "-//W3C//DTD XHTML 1.0 Transitional//EN"
    "http://www.w3.org/TR/xhtml1/DTD/xhtml1-transitional.dtd">
<html xmlns="http://www.w3.org/1999/xhtml" xml:lang="en" lang="en">
 <head>
  <title>
</title>
<meta http-equiv="Content-Type" content="text/html;charset=utf-8" />
  <meta name='ocr-system' content='tesseract 3.04.00' />
  <meta name='ocr-capabilities' content='ocr_page ocr_carea ocr_par ocr_line ocrx_word'/>
</head>
<body>
  <div class='ocr_page' id='page_1' title='image "./p1epistulaerecog02ciceuoft_0197.png"; bbox 0 0 1773 2651; ppageno 0'>
   <div class='ocr_carea' id='block_1_1' title="bbox 616 135 1598 174">
    <p class='ocr_par' dir='ltr' id='par_1_1' title="bbox 616 135 1598 174">
     <span class='ocr_line' id='line_1_1' title="bbox 616 135 1598 174; baseline 0.001 -2"><span class='ocrx_word' id='word_1_1' title='bbox 616 137 727 173; x_wconf 88' lang='lat' dir='ltr'>EPP.</span> <span class='ocrx_word' id='word_1_2' title='bbox 760 136 837 173; x_wconf 89' lang='lat' dir='ltr'>AD</span> <span class='ocrx_word' id='word_1_3' title='bbox 868 135 1127 174; x_wconf 74' lang='lat' dir='ltr'><strong>ATTICVM</strong></span> <span class='ocrx_word' id='word_1_4' title='bbox 1493 135 1598 173; x_wconf 75' lang='lat' dir='ltr'>VLi</span> 
     </span>
    </p>
   </div>
   <div class='ocr_carea' id='block_1_2' title="bbox 128 247 1572 2251">
    <p class='ocr_par' dir='ltr' id='par_1_2' title="bbox 133 247 1572 1536">
     <span class='ocr_line' id='line_1_2' title="bbox 195 247 1532 286; baseline 0 0"><span class='ocrx_word' id='word_1_5' title='bbox 195 255 233 286; x_wconf 88' lang='lat' dir='ltr'>et</span> <span class='ocrx_word' id='word_1_6' title='bbox 255 248 331 286; x_wconf 91' lang='lat' dir='ltr'>hoc</span> <span class='ocrx_word' id='word_1_7' title='bbox 356 261 402 286; x_wconf 82' lang='lat' dir='ltr'>ex</span> <span class='ocrx_word' id='word_1_8' title='bbox 422 247 587 286; x_wconf 90' lang='lat' dir='ltr'>tributis.</span> <span class='ocrx_word' id='word_1_9' title='bbox 649 249 734 286; x_wconf 92' lang='lat' dir='ltr'>Nec</span> <span class='ocrx_word' id='word_1_10' title='bbox 760 247 852 286; x_wconf 93' lang='lat' dir='ltr'>inde</span> <span class='ocrx_word' id='word_1_11' title='bbox 881 247 972 285; x_wconf 89' lang='lat' dir='ltr'>satis</span> <span class='ocrx_word' id='word_1_12' title='bbox 1000 247 1164 286; x_wconf 85' lang='lat' dir='ltr'>efficitur</span> <span class='ocrx_word' id='word_1_13' title='bbox 1186 247 1224 285; x_wconf 90' lang='lat' dir='ltr'>in</span> <span class='ocrx_word' id='word_1_14' title='bbox 1246 261 1403 286; x_wconf 90' lang='lat' dir='ltr'>usuram</span> <span class='ocrx_word' id='word_1_15' title='bbox 1424 262 1532 286; x_wconf 90' lang='lat' dir='ltr'>men-</span> 
     </span>
     <span class='ocr_line' id='line_1_3' title="bbox 195 313 1531 361; baseline 0.001 -11"><span class='ocrx_word' id='word_1_16' title='bbox 195 320 352 350; x_wconf 88' lang='lat' dir='ltr'>struam.</span> <span class='ocrx_word' id='word_1_17' title='bbox 414 314 491 351; x_wconf 88' lang='lat' dir='ltr'>Sed</span> <span class='ocrx_word' id='word_1_18' title='bbox 514 314 673 351; x_wconf 86' lang='lat' dir='ltr'>Gnaeus</span> <span class='ocrx_word' id='word_1_19' title='bbox 702 321 834 351; x_wconf 88' lang='lat' dir='ltr'>noster</span> <span class='ocrx_word' id='word_1_20' title='bbox 861 314 1075 351; x_wconf 89' lang='lat' dir='ltr'>clementer</span> <span class='ocrx_word' id='word_1_21' title='bbox 1095 313 1135 351; x_wconf 93' lang='lat' dir='ltr'>id</span> <span class='ocrx_word' id='word_1_22' title='bbox 1160 314 1256 360; x_wconf 81' lang='lat' dir='ltr'>fert3</span> <span class='ocrx_word' id='word_1_23' title='bbox 1286 322 1388 352; x_wconf 89' lang='lat' dir='ltr'>sorte</span> <span class='ocrx_word' id='word_1_24' title='bbox 1413 321 1531 361; x_wconf 81' lang='lat' dir='ltr'>caret,</span> 
     </span>
     <span class='ocr_line' id='line_1_4' title="bbox 194 377 1529 428; baseline 0.001 -14"><span class='ocrx_word' id='word_1_25' title='bbox 194 391 311 414; x_wconf 89' lang='lat' dir='ltr'>usura</span> <span class='ocrx_word' id='word_1_26' title='bbox 327 391 400 415; x_wconf 90' lang='lat' dir='ltr'>nec</span> <span class='ocrx_word' id='word_1_27' title='bbox 421 391 467 415; x_wconf 88' lang='lat' dir='ltr'>ea</span> <span class='ocrx_word' id='word_1_28' title='bbox 487 378 613 416; x_wconf 91' lang='lat' dir='ltr'>solida</span> <span class='ocrx_word' id='word_1_29' title='bbox 630 386 838 416; x_wconf 86' lang='lat' dir='ltr'>contentus</span> <span class='ocrx_word' id='word_1_30' title='bbox 860 386 928 415; x_wconf 89' lang='lat' dir='ltr'>est.</span> <span class='ocrx_word' id='word_1_31' title='bbox 970 377 1048 415; x_wconf 87' lang='lat' dir='ltr'>Alii</span> <span class='ocrx_word' id='word_1_32' title='bbox 1065 391 1194 427; x_wconf 90' lang='lat' dir='ltr'>neque</span> <span class='ocrx_word' id='word_1_33' title='bbox 1215 378 1328 416; x_wconf 77' lang='lat' dir='ltr'>solvit</span> <span class='ocrx_word' id='word_1_34' title='bbox 1345 378 1529 428; x_wconf 78' lang='lat' dir='ltr'>cuiquam</span> 
     </span>
     <span class='ocr_line' id='line_1_5' title="bbox 195 443 1529 493; baseline 0.001 -13"><span class='ocrx_word' id='word_1_35' title='bbox 195 456 268 480; x_wconf 88' lang='lat' dir='ltr'>nec</span> <span class='ocrx_word' id='word_1_36' title='bbox 295 450 425 492; x_wconf 90' lang='lat' dir='ltr'>potest</span> <span class='ocrx_word' id='word_1_37' title='bbox 451 445 624 491; x_wconf 72' lang='lat' dir='ltr'>solvere,-</span> <span class='ocrx_word' id='word_1_38' title='bbox 654 445 806 481; x_wconf 90' lang='lat' dir='ltr'>nullum</span> <span class='ocrx_word' id='word_1_39' title='bbox 834 443 939 481; x_wconf 88' lang='lat' dir='ltr'>enirn</span> <span class='ocrx_word' id='word_1_40' title='bbox 966 443 1168 489; x_wconf 88' lang='lat' dir='ltr'>aerarium,</span> <span class='ocrx_word' id='word_1_41' title='bbox 1192 445 1344 481; x_wconf 86' lang='lat' dir='ltr'>nullum</span> <span class='ocrx_word' id='word_1_42' title='bbox 1365 443 1529 493; x_wconf 83' lang='lat' dir='ltr'>vectigal</span> 
     </span>
     <span class='ocr_line' id='line_1_6' title="bbox 157 508 1528 558; baseline 0.001 -13"><span class='ocrx_word' id='word_1_43' title='bbox 157 521 174 552; x_wconf 88' lang='lat'>5</span> <span class='ocrx_word' id='word_1_44' title='bbox 195 508 325 545; x_wconf 88' lang='lat' dir='ltr'>habet.</span> <span class='ocrx_word' id='word_1_45' title='bbox 385 508 491 558; x_wconf 81' lang='lat' dir='ltr'>Appi</span> <span class='ocrx_word' id='word_1_46' title='bbox 521 508 700 546; x_wconf 91' lang='lat' dir='ltr'>instituto</span> <span class='ocrx_word' id='word_1_47' title='bbox 730 508 874 546; x_wconf 85' lang='lat' dir='ltr'>tributa</span> <span class='ocrx_word' id='word_1_48' title='bbox 904 508 1078 557; x_wconf 86' lang='lat' dir='ltr'>imperat.</span> <span class='ocrx_word' id='word_1_49' title='bbox 1145 511 1202 546; x_wconf 90' lang='lat' dir='ltr'>Ea</span> <span class='ocrx_word' id='word_1_50' title='bbox 1231 508 1292 546; x_wconf 81' lang='lat' dir='ltr'>vix</span> <span class='ocrx_word' id='word_1_51' title='bbox 1322 508 1361 546; x_wconf 90' lang='lat' dir='ltr'>in</span> <span class='ocrx_word' id='word_1_52' title='bbox 1392 510 1528 546; x_wconf 90' lang='lat' dir='ltr'>faenus</span> 
     </span>
     <span class='ocr_line' id='line_1_7' title="bbox 196 573 1528 623; baseline 0.002 -13"><span class='ocrx_word' id='word_1_53' title='bbox 196 573 362 623; x_wconf 89' lang='lat' dir='ltr'>Pompei</span> <span class='ocrx_word' id='word_1_54' title='bbox 395 574 503 622; x_wconf 92' lang='lat' dir='ltr'>quod</span> <span class='ocrx_word' id='word_1_55' title='bbox 542 573 633 611; x_wconf 83' lang='lat' dir='ltr'>satis</span> <span class='ocrx_word' id='word_1_56' title='bbox 673 573 720 611; x_wconf 87' lang='lat' dir='ltr'>sit</span> <span class='ocrx_word' id='word_1_57' title='bbox 752 573 935 611; x_wconf 88' lang='lat' dir='ltr'>efficiunt.</span> <span class='ocrx_word' id='word_1_58' title='bbox 995 573 1126 611; x_wconf 84' lang='lat' dir='ltr'>Amici</span> <span class='ocrx_word' id='word_1_59' title='bbox 1158 573 1255 623; x_wconf 90' lang='lat' dir='ltr'>regis</span> <span class='ocrx_word' id='word_1_60' title='bbox 1290 575 1370 612; x_wconf 90' lang='lat' dir='ltr'>duo</span> <span class='ocrx_word' id='word_1_61' title='bbox 1404 581 1528 613; x_wconf 86' lang='lat' dir='ltr'>tresve</span> 
     </span>
     <span class='ocr_line' id='line_1_8' title="bbox 195 638 1528 689; baseline 0 -12"><span class='ocrx_word' id='word_1_62' title='bbox 195 639 406 689; x_wconf 77' lang='lat' dir='ltr'>perdivites</span> <span class='ocrx_word' id='word_1_63' title='bbox 431 647 521 676; x_wconf 93' lang='lat' dir='ltr'>sunt</span> <span class='ocrx_word' id='word_1_64' title='bbox 550 640 619 677; x_wconf 91' lang='lat' dir='ltr'>sed</span> <span class='ocrx_word' id='word_1_65' title='bbox 644 639 668 676; x_wconf 91' lang='lat' dir='ltr'>ii</span> <span class='ocrx_word' id='word_1_66' title='bbox 694 653 809 677; x_wconf 88' lang='lat' dir='ltr'>suum</span> <span class='ocrx_word' id='word_1_67' title='bbox 832 646 910 676; x_wconf 90' lang='lat' dir='ltr'>tam</span> <span class='ocrx_word' id='word_1_68' title='bbox 932 638 1138 689; x_wconf 83' lang='lat' dir='ltr'>diligenter</span> <span class='ocrx_word' id='word_1_69' title='bbox 1158 647 1294 677; x_wconf 91' lang='lat' dir='ltr'>tenent</span> <span class='ocrx_word' id='word_1_70' title='bbox 1315 653 1433 689; x_wconf 89' lang='lat' dir='ltr'>quam</span> <span class='ocrx_word' id='word_1_71' title='bbox 1455 653 1528 689; x_wconf 90' lang='lat' dir='ltr'>ego</span> 
     </span>
     <span class='ocr_line' id='line_1_9' title="bbox 193 704 1528 755; baseline 0.001 -13"><span class='ocrx_word' id='word_1_72' title='bbox 193 712 261 742; x_wconf 90' lang='lat' dir='ltr'>aut</span> <span class='ocrx_word' id='word_1_73' title='bbox 293 712 344 742; x_wconf 92' lang='lat' dir='ltr'>tu.</span> <span class='ocrx_word' id='word_1_74' title='bbox 411 704 609 753; x_wconf 86' lang='lat' dir='ltr'>Equidem</span> <span class='ocrx_word' id='word_1_75' title='bbox 644 718 724 742; x_wconf 92' lang='lat' dir='ltr'>non</span> <span class='ocrx_word' id='word_1_76' title='bbox 760 704 899 742; x_wconf 89' lang='lat' dir='ltr'>desino</span> <span class='ocrx_word' id='word_1_77' title='bbox 934 713 1065 742; x_wconf 85' lang='lat' dir='ltr'>tamen</span> <span class='ocrx_word' id='word_1_78' title='bbox 1100 718 1168 754; x_wconf 92' lang='lat' dir='ltr'>per</span> <span class='ocrx_word' id='word_1_79' title='bbox 1202 704 1346 743; x_wconf 78' lang='lat' dir='ltr'>litteras</span> <span class='ocrx_word' id='word_1_80' title='bbox 1381 718 1528 755; x_wconf 71' lang='lat' dir='ltr'>rogare,</span> 
     </span>
     <span class='ocr_line' id='line_1_10' title="bbox 194 769 1572 820; baseline -0.001 -12"><span class='ocrx_word' id='word_1_81' title='bbox 194 771 368 815; x_wconf 87' lang='lat' dir='ltr'>suadere,</span> <span class='ocrx_word' id='word_1_82' title='bbox 403 783 587 808; x_wconf 86' lang='lat' dir='ltr'>accusare</span> <span class='ocrx_word' id='word_1_83' title='bbox 626 783 766 820; x_wconf 89' lang='lat' dir='ltr'>regem.</span> <span class='ocrx_word' id='word_1_84' title='bbox 830 770 1038 808; x_wconf 78' lang='lat' dir='ltr'>Deiotarus</span> <span class='ocrx_word' id='word_1_85' title='bbox 1078 770 1195 808; x_wconf 90' lang='lat' dir='ltr'>etiam</span> <span class='ocrx_word' id='word_1_86' title='bbox 1231 770 1327 807; x_wconf 90' lang='lat' dir='ltr'>mihi</span> <span class='ocrx_word' id='word_1_87' title='bbox 1362 769 1572 813; x_wconf 87' lang='lat' dir='ltr'>narravit4</span> 
     </span>
     <span class='ocr_line' id='line_1_11' title="bbox 137 835 1527 885; baseline 0.001 -14"><span class='ocrx_word' id='word_1_88' title='bbox 137 850 175 872; x_wconf 93' lang='lat'>10</span> <span class='ocrx_word' id='word_1_89' title='bbox 196 849 237 874; x_wconf 90' lang='lat' dir='ltr'>se</span> <span class='ocrx_word' id='word_1_90' title='bbox 264 837 314 874; x_wconf 91' lang='lat' dir='ltr'>ad</span> <span class='ocrx_word' id='word_1_91' title='bbox 342 849 433 873; x_wconf 91' lang='lat' dir='ltr'>eum</span> <span class='ocrx_word' id='word_1_92' title='bbox 455 837 603 885; x_wconf 87' lang='lat' dir='ltr'>legatos</span> <span class='ocrx_word' id='word_1_93' title='bbox 631 835 782 874; x_wconf 87' lang='lat' dir='ltr'>misisse</span> <span class='ocrx_word' id='word_1_94' title='bbox 810 837 860 874; x_wconf 90' lang='lat' dir='ltr'>de</span> <span class='ocrx_word' id='word_1_95' title='bbox 887 849 927 874; x_wconf 92' lang='lat' dir='ltr'>re</span> <span class='ocrx_word' id='word_1_96' title='bbox 950 835 1058 873; x_wconf 85' lang='lat' dir='ltr'>Bruti</span> <span class='ocrx_word' id='word_1_97' title='bbox 1074 850 1082 882; x_wconf 72' lang='lat'><em>3</em></span> <span class='ocrx_word' id='word_1_98' title='bbox 1112 849 1179 873; x_wconf 88' lang='lat' dir='ltr'>eos</span> <span class='ocrx_word' id='word_1_99' title='bbox 1201 835 1274 873; x_wconf 90' lang='lat' dir='ltr'>sibi</span> <span class='ocrx_word' id='word_1_100' title='bbox 1295 849 1527 885; x_wconf 88' lang='lat' dir='ltr'>responsum</span> 
     </span>
     <span class='ocr_line' id='line_1_12' title="bbox 193 900 1528 950; baseline 0.001 -12"><span class='ocrx_word' id='word_1_101' title='bbox 193 900 387 938; x_wconf 89' lang='lat' dir='ltr'>rettulisse</span> <span class='ocrx_word' id='word_1_102' title='bbox 409 900 518 938; x_wconf 88' lang='lat' dir='ltr'>illurn</span> <span class='ocrx_word' id='word_1_103' title='bbox 540 914 621 938; x_wconf 90' lang='lat' dir='ltr'>non</span> <span class='ocrx_word' id='word_1_104' title='bbox 643 901 798 939; x_wconf 89' lang='lat' dir='ltr'>habere.</span> <span class='ocrx_word' id='word_1_105' title='bbox 861 902 911 938; x_wconf 88' lang='lat' dir='ltr'>Et</span> <span class='ocrx_word' id='word_1_106' title='bbox 934 914 996 938; x_wconf 92' lang='lat' dir='ltr'>me</span> <span class='ocrx_word' id='word_1_107' title='bbox 1017 902 1175 939; x_wconf 84' lang='lat' dir='ltr'>hercule</span> <span class='ocrx_word' id='word_1_108' title='bbox 1202 914 1274 950; x_wconf 89' lang='lat' dir='ltr'>ego</span> <span class='ocrx_word' id='word_1_109' title='bbox 1303 900 1355 937; x_wconf 91' lang='lat' dir='ltr'>ita</span> <span class='ocrx_word' id='word_1_110' title='bbox 1382 900 1528 947; x_wconf 71' lang='lat' dir='ltr'>iudico,</span> 
     </span>
     <span class='ocr_line' id='line_1_13' title="bbox 192 964 1528 1015; baseline 0 -13"><span class='ocrx_word' id='word_1_111' title='bbox 192 964 289 1002; x_wconf 88' lang='lat' dir='ltr'>nihil</span> <span class='ocrx_word' id='word_1_112' title='bbox 320 964 386 1003; x_wconf 91' lang='lat' dir='ltr'>illo</span> <span class='ocrx_word' id='word_1_113' title='bbox 416 978 536 1015; x_wconf 88' lang='lat' dir='ltr'>regno</span> <span class='ocrx_word' id='word_1_114' title='bbox 566 964 780 1015; x_wconf 90' lang='lat' dir='ltr'>spoliatius‚</span> <span class='ocrx_word' id='word_1_115' title='bbox 805 965 900 1003; x_wconf 87' lang='lat' dir='ltr'>nihil</span> <span class='ocrx_word' id='word_1_116' title='bbox 931 978 1018 1015; x_wconf 89' lang='lat' dir='ltr'>rege</span> <span class='ocrx_word' id='word_1_117' title='bbox 1046 964 1233 1015; x_wconf 83' lang='lat' dir='ltr'>egentius.</span> <span class='ocrx_word' id='word_1_118' title='bbox 1295 966 1435 1014; x_wconf 89' lang='lat' dir='ltr'>Itaque</span> <span class='ocrx_word' id='word_1_119' title='bbox 1462 972 1528 1003; x_wconf 91' lang='lat' dir='ltr'>aut</span> 
     </span>
     <span class='ocr_line' id='line_1_14' title="bbox 193 1029 1529 1080; baseline 0.001 -13"><span class='ocrx_word' id='word_1_120' title='bbox 193 1031 314 1068; x_wconf 91' lang='lat' dir='ltr'>tutela</span> <span class='ocrx_word' id='word_1_121' title='bbox 346 1030 475 1080; x_wconf 87' lang='lat' dir='ltr'>cogito</span> <span class='ocrx_word' id='word_1_122' title='bbox 511 1044 573 1068; x_wconf 92' lang='lat' dir='ltr'>me</span> <span class='ocrx_word' id='word_1_123' title='bbox 607 1030 791 1069; x_wconf 89' lang='lat' dir='ltr'>abdicare</span> <span class='ocrx_word' id='word_1_124' title='bbox 825 1038 892 1068; x_wconf 88' lang='lat' dir='ltr'>aut</span> <span class='ocrx_word' id='word_1_125' title='bbox 922 1038 963 1068; x_wconf 94' lang='lat' dir='ltr'>ut</span> <span class='ocrx_word' id='word_1_126' title='bbox 994 1044 1064 1080; x_wconf 89' lang='lat' dir='ltr'>pro</span> <span class='ocrx_word' id='word_1_127' title='bbox 1096 1029 1310 1068; x_wconf 75' lang='lat' dir='ltr'>Glabrione</span> <span class='ocrx_word' id='word_1_128' title='bbox 1341 1032 1529 1069; x_wconf 86' lang='lat' dir='ltr'>Scaevola</span> 
     </span>
     <span class='ocr_line' id='line_1_15' title="bbox 192 1096 1528 1145; baseline 0.001 -13"><span class='ocrx_word' id='word_1_129' title='bbox 192 1096 329 1133; x_wconf 91' lang='lat' dir='ltr'>faenus</span> <span class='ocrx_word' id='word_1_130' title='bbox 368 1104 406 1134; x_wconf 94' lang='lat' dir='ltr'>et</span> <span class='ocrx_word' id='word_1_131' title='bbox 438 1096 684 1145; x_wconf 88' lang='lat' dir='ltr'>impendium</span> <span class='ocrx_word' id='word_1_132' title='bbox 724 1109 912 1134; x_wconf 86' lang='lat' dir='ltr'>recusare.</span> <span class='ocrx_word' id='word_1_133' title='bbox 974 1097 1058 1145; x_wconf 89' lang='lat' dir='ltr'>Ego</span> <span class='ocrx_word' id='word_1_134' title='bbox 1093 1103 1226 1133; x_wconf 88' lang='lat' dir='ltr'>tamen</span> <span class='ocrx_word' id='word_1_135' title='bbox 1260 1108 1357 1144; x_wconf 90' lang='lat' dir='ltr'>quas</span> <span class='ocrx_word' id='word_1_136' title='bbox 1391 1109 1459 1145; x_wconf 92' lang='lat' dir='ltr'>per</span> <span class='ocrx_word' id='word_1_137' title='bbox 1490 1103 1528 1134; x_wconf 91' lang='lat' dir='ltr'>te</span> 
     </span>
     <span class='ocr_line' id='line_1_16' title="bbox 137 1159 1527 1211; baseline 0 -14"><span class='ocrx_word' id='word_1_138' title='bbox 137 1175 172 1206; x_wconf 79' lang='lat'>15</span> <span class='ocrx_word' id='word_1_139' title='bbox 195 1162 316 1199; x_wconf 87' lang='lat' dir='ltr'>Bruto</span> <span class='ocrx_word' id='word_1_140' title='bbox 337 1161 592 1211; x_wconf 78' lang='lat' dir='ltr'>promiseram</span> <span class='ocrx_word' id='word_1_141' title='bbox 614 1162 887 1211; x_wconf 76' lang='lat' dir='ltr'>praefecturas,</span> <span class='ocrx_word' id='word_1_142' title='bbox 912 1163 966 1198; x_wconf 89' lang='lat' dir='ltr'>M.</span> <span class='ocrx_word' id='word_1_143' title='bbox 988 1161 1156 1210; x_wconf 89' lang='lat' dir='ltr'>Scaptio,</span> <span class='ocrx_word' id='word_1_144' title='bbox 1182 1162 1223 1198; x_wconf 93' lang='lat' dir='ltr'>L.</span> <span class='ocrx_word' id='word_1_145' title='bbox 1245 1159 1383 1207; x_wconf 79' lang='lat' dir='ltr'>Gavio,</span> <span class='ocrx_word' id='word_1_146' title='bbox 1400 1160 1466 1209; x_wconf 89' lang='lat' dir='ltr'>qui</span> <span class='ocrx_word' id='word_1_147' title='bbox 1488 1160 1527 1198; x_wconf 90' lang='lat' dir='ltr'>in</span> 
     </span>
     <span class='ocr_line' id='line_1_17' title="bbox 192 1224 1528 1275; baseline 0 -13"><span class='ocrx_word' id='word_1_148' title='bbox 192 1238 311 1275; x_wconf 90' lang='lat' dir='ltr'>regno</span> <span class='ocrx_word' id='word_1_149' title='bbox 337 1239 417 1263; x_wconf 89' lang='lat' dir='ltr'>rem</span> <span class='ocrx_word' id='word_1_150' title='bbox 441 1226 550 1263; x_wconf 85' lang='lat' dir='ltr'>Bruti</span> <span class='ocrx_word' id='word_1_151' title='bbox 572 1227 845 1275; x_wconf 76' lang='lat' dir='ltr'>procurabant,</span> <span class='ocrx_word' id='word_1_152' title='bbox 869 1225 1016 1271; x_wconf 82' lang='lat' dir='ltr'>detuli;</span> <span class='ocrx_word' id='word_1_153' title='bbox 1046 1239 1119 1263; x_wconf 91' lang='lat' dir='ltr'>nec</span> <span class='ocrx_word' id='word_1_154' title='bbox 1140 1224 1244 1263; x_wconf 89' lang='lat' dir='ltr'>enim</span> <span class='ocrx_word' id='word_1_155' title='bbox 1267 1224 1306 1262; x_wconf 90' lang='lat' dir='ltr'>in</span> <span class='ocrx_word' id='word_1_156' title='bbox 1327 1224 1528 1274; x_wconf 87' lang='lat' dir='ltr'>provincia</span> 
     </span>
     <span class='ocr_line' id='line_1_18' title="bbox 192 1289 1527 1341; baseline 0 -13"><span class='ocrx_word' id='word_1_157' title='bbox 192 1304 280 1328; x_wconf 89' lang='lat' dir='ltr'>mea</span> <span class='ocrx_word' id='word_1_158' title='bbox 304 1290 615 1341; x_wconf 81' lang='lat' dir='ltr'>negotiabantur.</span> <span class='ocrx_word' id='word_1_159' title='bbox 676 1292 739 1328; x_wconf 93' lang='lat' dir='ltr'>Tu</span> <span class='ocrx_word' id='word_1_160' title='bbox 766 1298 898 1329; x_wconf 87' lang='lat' dir='ltr'>autem</span> <span class='ocrx_word' id='word_1_161' title='bbox 929 1290 1142 1329; x_wconf 89' lang='lat' dir='ltr'>meministi</span> <span class='ocrx_word' id='word_1_162' title='bbox 1170 1303 1242 1327; x_wconf 91' lang='lat' dir='ltr'>nos</span> <span class='ocrx_word' id='word_1_163' title='bbox 1269 1289 1323 1327; x_wconf 93' lang='lat' dir='ltr'>sic</span> <span class='ocrx_word' id='word_1_164' title='bbox 1348 1303 1460 1340; x_wconf 91' lang='lat' dir='ltr'>agere</span> <span class='ocrx_word' id='word_1_165' title='bbox 1485 1297 1527 1328; x_wconf 91' lang='lat' dir='ltr'>ut</span> 
     </span>
     <span class='ocr_line' id='line_1_19' title="bbox 193 1354 1526 1406; baseline 0 -12"><span class='ocrx_word' id='word_1_166' title='bbox 193 1364 289 1406; x_wconf 92' lang='lat' dir='ltr'>quot</span> <span class='ocrx_word' id='word_1_167' title='bbox 310 1358 426 1395; x_wconf 91' lang='lat' dir='ltr'>vellet</span> <span class='ocrx_word' id='word_1_168' title='bbox 452 1358 712 1406; x_wconf 81' lang='lat' dir='ltr'>praefecturas</span> <span class='ocrx_word' id='word_1_169' title='bbox 741 1364 921 1403; x_wconf 85' lang='lat' dir='ltr'>sumeret,</span> <span class='ocrx_word' id='word_1_170' title='bbox 946 1358 1041 1395; x_wconf 88' lang='lat' dir='ltr'>dum</span> <span class='ocrx_word' id='word_1_171' title='bbox 1069 1369 1118 1394; x_wconf 93' lang='lat' dir='ltr'>ne</span> <span class='ocrx_word' id='word_1_172' title='bbox 1148 1354 1391 1405; x_wconf 84' lang='lat' dir='ltr'>negotiatori.</span> <span class='ocrx_word' id='word_1_173' title='bbox 1452 1357 1526 1394; x_wconf 87' lang='lat' dir='ltr'>Ita-</span> 
     </span>
     <span class='ocr_line' id='line_1_20' title="bbox 191 1420 1524 1472; baseline 0.001 -13"><span class='ocrx_word' id='word_1_174' title='bbox 191 1435 268 1471; x_wconf 91' lang='lat' dir='ltr'>que</span> <span class='ocrx_word' id='word_1_175' title='bbox 293 1423 390 1460; x_wconf 91' lang='lat' dir='ltr'>duas</span> <span class='ocrx_word' id='word_1_176' title='bbox 419 1422 453 1460; x_wconf 92' lang='lat' dir='ltr'>ei</span> <span class='ocrx_word' id='word_1_177' title='bbox 481 1430 681 1472; x_wconf 86' lang='lat' dir='ltr'>praeterea</span> <span class='ocrx_word' id='word_1_178' title='bbox 707 1423 906 1460; x_wconf 89' lang='lat' dir='ltr'>dederam.</span> <span class='ocrx_word' id='word_1_179' title='bbox 967 1422 1044 1459; x_wconf 92' lang='lat' dir='ltr'>Sed</span> <span class='ocrx_word' id='word_1_180' title='bbox 1074 1420 1098 1458; x_wconf 89' lang='lat' dir='ltr'>ii</span> <span class='ocrx_word' id='word_1_181' title='bbox 1123 1420 1266 1470; x_wconf 91' lang='lat' dir='ltr'>quibus</span> <span class='ocrx_word' id='word_1_182' title='bbox 1292 1420 1453 1471; x_wconf 90' lang='lat' dir='ltr'>petierat</span> <span class='ocrx_word' id='word_1_183' title='bbox 1475 1422 1524 1460; x_wconf 88' lang='lat' dir='ltr'>de</span> 
     </span>
     <span class='ocr_line' id='line_1_21' title="bbox 133 1487 670 1536; baseline 0.007 -15"><span class='ocrx_word' id='word_1_184' title='bbox 133 1501 172 1522; x_wconf 88' lang='lat'>20</span> <span class='ocrx_word' id='word_1_185' title='bbox 190 1487 392 1536; x_wconf 78' lang='lat' dir='ltr'>provincia</span> <span class='ocrx_word' id='word_1_186' title='bbox 412 1488 670 1525; x_wconf 87' lang='lat' dir='ltr'>decesserant.</span> 
     </span>
    </p>

    <p class='ocr_par' dir='ltr' id='par_1_3' title="bbox 188 1551 1566 1797">
     <span class='ocr_line' id='line_1_22' title="bbox 245 1551 1566 1602; baseline -0.001 -12"><span class='ocrx_word' id='word_1_187' title='bbox 245 1554 363 1590; x_wconf 90' lang='lat' dir='ltr'>Nunc</span> <span class='ocrx_word' id='word_1_188' title='bbox 403 1566 598 1602; x_wconf 89' lang='lat' dir='ltr'>cognosce</span> <span class='ocrx_word' id='word_1_189' title='bbox 638 1554 688 1590; x_wconf 93' lang='lat' dir='ltr'>de</span> <span class='ocrx_word' id='word_1_190' title='bbox 728 1551 961 1598; x_wconf 85' lang='lat' dir='ltr'>Salaminiis,</span> <span class='ocrx_word' id='word_1_191' title='bbox 996 1552 1103 1601; x_wconf 90' lang='lat' dir='ltr'>quod</span> <span class='ocrx_word' id='word_1_192' title='bbox 1138 1551 1254 1589; x_wconf 84' lang='lat' dir='ltr'>video</span> <span class='ocrx_word' id='word_1_193' title='bbox 1294 1551 1364 1589; x_wconf 94' lang='lat' dir='ltr'>tibi</span> <span class='ocrx_word' id='word_1_194' title='bbox 1404 1551 1566 1599; x_wconf 89' lang='lat' dir='ltr'>etiam5</span> 
     </span>
     <span class='ocr_line' id='line_1_23' title="bbox 190 1616 1522 1667; baseline 0 -13"><span class='ocrx_word' id='word_1_195' title='bbox 190 1631 336 1655; x_wconf 82' lang='lat' dir='ltr'>novum</span> <span class='ocrx_word' id='word_1_196' title='bbox 367 1617 558 1656; x_wconf 86' lang='lat' dir='ltr'>accidisse</span> <span class='ocrx_word' id='word_1_197' title='bbox 588 1626 790 1667; x_wconf 88' lang='lat' dir='ltr'>tamquam</span> <span class='ocrx_word' id='word_1_198' title='bbox 823 1617 929 1655; x_wconf 88' lang='lat' dir='ltr'>mihi.</span> <span class='ocrx_word' id='word_1_199' title='bbox 991 1619 1220 1666; x_wconf 87' lang='lat' dir='ltr'>Numquam</span> <span class='ocrx_word' id='word_1_200' title='bbox 1249 1616 1354 1654; x_wconf 88' lang='lat' dir='ltr'>enim</span> <span class='ocrx_word' id='word_1_201' title='bbox 1383 1630 1429 1654; x_wconf 80' lang='lat' dir='ltr'>ex</span> <span class='ocrx_word' id='word_1_202' title='bbox 1456 1617 1522 1655; x_wconf 94' lang='lat' dir='ltr'>illo</span> 
     </span>
     <span class='ocr_line' id='line_1_24' title="bbox 188 1681 1521 1732; baseline 0.001 -13"><span class='ocrx_word' id='word_1_203' title='bbox 188 1682 320 1720; x_wconf 88' lang='lat' dir='ltr'>audivi</span> <span class='ocrx_word' id='word_1_204' title='bbox 361 1683 465 1720; x_wconf 90' lang='lat' dir='ltr'>illam</span> <span class='ocrx_word' id='word_1_205' title='bbox 505 1683 715 1732; x_wconf 90' lang='lat' dir='ltr'>pecuniam</span> <span class='ocrx_word' id='word_1_206' title='bbox 755 1696 840 1721; x_wconf 84' lang='lat' dir='ltr'>esse</span> <span class='ocrx_word' id='word_1_207' title='bbox 880 1696 1016 1729; x_wconf 62' lang='lat' dir='ltr'>suam,</span> <span class='ocrx_word' id='word_1_208' title='bbox 1057 1682 1152 1732; x_wconf 91' lang='lat' dir='ltr'>quin</span> <span class='ocrx_word' id='word_1_209' title='bbox 1192 1681 1310 1719; x_wconf 88' lang='lat' dir='ltr'>etiam</span> <span class='ocrx_word' id='word_1_210' title='bbox 1345 1681 1521 1720; x_wconf 90' lang='lat' dir='ltr'>libellum</span> 
     </span>
     <span class='ocr_line' id='line_1_25' title="bbox 189 1747 1522 1797; baseline 0.001 -13"><span class='ocrx_word' id='word_1_211' title='bbox 189 1747 309 1796; x_wconf 89' lang='lat' dir='ltr'>ipsius</span> <span class='ocrx_word' id='word_1_212' title='bbox 351 1749 490 1793; x_wconf 87' lang='lat' dir='ltr'>habeo,</span> <span class='ocrx_word' id='word_1_213' title='bbox 533 1748 573 1785; x_wconf 90' lang='lat' dir='ltr'>in</span> <span class='ocrx_word' id='word_1_214' title='bbox 612 1762 692 1797; x_wconf 94' lang='lat' dir='ltr'>quo</span> <span class='ocrx_word' id='word_1_215' title='bbox 733 1755 800 1795; x_wconf 90' lang='lat' dir='ltr'>est,</span> <span class='ocrx_word' id='word_1_216' title='bbox 851 1747 1077 1786; x_wconf 86' lang='lat' dir='ltr'>‘Salaminii</span> <span class='ocrx_word' id='word_1_217' title='bbox 1123 1747 1332 1797; x_wconf 88' lang='lat' dir='ltr'>pecuniam</span> <span class='ocrx_word' id='word_1_218' title='bbox 1373 1748 1522 1786; x_wconf 89' lang='lat' dir='ltr'>debent</span> 
     </span>
    </p>

    <p class='ocr_par' dir='ltr' id='par_1_4' title="bbox 132 1812 1522 2122">
     <span class='ocr_line' id='line_1_26' title="bbox 132 1812 1520 1862; baseline 0.002 -15"><span class='ocrx_word' id='word_1_219' title='bbox 132 1825 168 1856; x_wconf 86' lang='lat'>25</span> <span class='ocrx_word' id='word_1_220' title='bbox 191 1814 246 1850; x_wconf 88' lang='lat' dir='ltr'>M.</span> <span class='ocrx_word' id='word_1_221' title='bbox 280 1812 438 1862; x_wconf 81' lang='lat' dir='ltr'>Scaptio</span> <span class='ocrx_word' id='word_1_222' title='bbox 473 1820 510 1851; x_wconf 88' lang='lat' dir='ltr'>et</span> <span class='ocrx_word' id='word_1_223' title='bbox 544 1815 584 1850; x_wconf 85' lang='lat' dir='ltr'>P.</span> <span class='ocrx_word' id='word_1_224' title='bbox 622 1813 801 1858; x_wconf 86' lang='lat' dir='ltr'>Matinio,</span> <span class='ocrx_word' id='word_1_225' title='bbox 835 1812 1090 1850; x_wconf 87' lang='lat' dir='ltr'>familiaribus</span> <span class='ocrx_word' id='word_1_226' title='bbox 1130 1812 1251 1850; x_wconf 83' lang='lat' dir='ltr'>meis.’</span> <span class='ocrx_word' id='word_1_227' title='bbox 1309 1814 1389 1850; x_wconf 90' lang='lat' dir='ltr'>Eos</span> <span class='ocrx_word' id='word_1_228' title='bbox 1424 1812 1520 1850; x_wconf 86' lang='lat' dir='ltr'>mihi</span> 
     </span>
     <span class='ocr_line' id='line_1_27' title="bbox 189 1877 1522 1927; baseline 0.001 -12"><span class='ocrx_word' id='word_1_229' title='bbox 189 1879 467 1925; x_wconf 78' lang='lat' dir='ltr'>commendat3</span> <span class='ocrx_word' id='word_1_230' title='bbox 497 1878 684 1916; x_wconf 89' lang='lat' dir='ltr'>adscribit</span> <span class='ocrx_word' id='word_1_231' title='bbox 704 1878 821 1916; x_wconf 89' lang='lat' dir='ltr'>etiam</span> <span class='ocrx_word' id='word_1_232' title='bbox 850 1886 888 1916; x_wconf 92' lang='lat' dir='ltr'>et</span> <span class='ocrx_word' id='word_1_233' title='bbox 915 1877 1025 1927; x_wconf 87' lang='lat' dir='ltr'>quasi</span> <span class='ocrx_word' id='word_1_234' title='bbox 1051 1879 1176 1915; x_wconf 88' lang='lat' dir='ltr'>calcar</span> <span class='ocrx_word' id='word_1_235' title='bbox 1201 1879 1387 1916; x_wconf 88' lang='lat' dir='ltr'>admovet</span> <span class='ocrx_word' id='word_1_236' title='bbox 1408 1877 1522 1916; x_wconf 90' lang='lat' dir='ltr'>inter-</span> 
     </span>
     <span class='ocr_line' id='line_1_28' title="bbox 189 1942 1520 1993; baseline 0.002 -14"><span class='ocrx_word' id='word_1_237' title='bbox 189 1942 350 1981; x_wconf 88' lang='lat' dir='ltr'>cessisse</span> <span class='ocrx_word' id='word_1_238' title='bbox 378 1956 418 1981; x_wconf 89' lang='lat' dir='ltr'>se</span> <span class='ocrx_word' id='word_1_239' title='bbox 445 1957 515 1993; x_wconf 91' lang='lat' dir='ltr'>pro</span> <span class='ocrx_word' id='word_1_240' title='bbox 543 1943 588 1981; x_wconf 89' lang='lat' dir='ltr'>iis</span> <span class='ocrx_word' id='word_1_241' title='bbox 617 1957 799 1993; x_wconf 84' lang='lat' dir='ltr'>magnam</span> <span class='ocrx_word' id='word_1_242' title='bbox 824 1942 1044 1992; x_wconf 90' lang='lat' dir='ltr'>pecuniam.</span> <span class='ocrx_word' id='word_1_243' title='bbox 1105 1944 1363 1982; x_wconf 88' lang='lat' dir='ltr'>Confeceram</span> <span class='ocrx_word' id='word_1_244' title='bbox 1386 1950 1427 1980; x_wconf 90' lang='lat' dir='ltr'>ut</span> <span class='ocrx_word' id='word_1_245' title='bbox 1448 1944 1520 1981; x_wconf 90' lang='lat' dir='ltr'>sol-</span> 
     </span>
     <span class='ocr_line' id='line_1_29' title="bbox 188 2007 1517 2057; baseline 0.002 -14"><span class='ocrx_word' id='word_1_246' title='bbox 188 2015 321 2045; x_wconf 80' lang='lat' dir='ltr'>verent</span> <span class='ocrx_word' id='word_1_247' title='bbox 342 2007 566 2046; x_wconf 86' lang='lat' dir='ltr'>centesimis</span> <span class='ocrx_word' id='word_1_248' title='bbox 587 2008 722 2046; x_wconf 88' lang='lat' dir='ltr'>bienni</span> <span class='ocrx_word' id='word_1_249' title='bbox 744 2007 871 2046; x_wconf 90' lang='lat' dir='ltr'>ductis</span> <span class='ocrx_word' id='word_1_250' title='bbox 889 2021 978 2045; x_wconf 92' lang='lat' dir='ltr'>cum</span> <span class='ocrx_word' id='word_1_251' title='bbox 1001 2007 1254 2046; x_wconf 87' lang='lat' dir='ltr'>renovatione</span> <span class='ocrx_word' id='word_1_252' title='bbox 1275 2007 1517 2057; x_wconf 91' lang='lat' dir='ltr'>singulorum</span> 
     </span>
     <span class='ocr_line' id='line_1_30' title="bbox 187 2072 1518 2122; baseline 0.001 -13"><span class='ocrx_word' id='word_1_253' title='bbox 187 2085 390 2110; x_wconf 89' lang='lat' dir='ltr'>annorum.</span> <span class='ocrx_word' id='word_1_254' title='bbox 451 2075 504 2110; x_wconf 88' lang='lat' dir='ltr'>At</span> <span class='ocrx_word' id='word_1_255' title='bbox 543 2073 722 2122; x_wconf 88' lang='lat' dir='ltr'>Scaptius</span> <span class='ocrx_word' id='word_1_256' title='bbox 764 2080 972 2122; x_wconf 89' lang='lat' dir='ltr'>quaternas</span> <span class='ocrx_word' id='word_1_257' title='bbox 1013 2073 1248 2122; x_wconf 86' lang='lat' dir='ltr'>postulabat.</span> <span class='ocrx_word' id='word_1_258' title='bbox 1314 2072 1451 2118; x_wconf 87' lang='lat' dir='ltr'>Metui,</span> <span class='ocrx_word' id='word_1_259' title='bbox 1486 2073 1518 2110; x_wconf 93' lang='lat' dir='ltr'>si</span> 
     </span>
    </p>

    <p class='ocr_par' dir='ltr' id='par_1_5' title="bbox 128 2135 1518 2251">
     <span class='ocr_line' id='line_1_31' title="bbox 128 2135 1518 2186; baseline 0.002 -15"><span class='ocrx_word' id='word_1_260' title='bbox 128 2149 168 2179; x_wconf 76' lang='lat'>30</span> <span class='ocrx_word' id='word_1_261' title='bbox 187 2135 445 2186; x_wconf 81' lang='lat' dir='ltr'>impetrasset,</span> <span class='ocrx_word' id='word_1_262' title='bbox 467 2151 515 2175; x_wconf 89' lang='lat' dir='ltr'>ne</span> <span class='ocrx_word' id='word_1_263' title='bbox 537 2146 577 2174; x_wconf 95' lang='lat' dir='ltr'>tu</span> <span class='ocrx_word' id='word_1_264' title='bbox 600 2137 682 2186; x_wconf 83' lang='lat' dir='ltr'>ipse</span> <span class='ocrx_word' id='word_1_265' title='bbox 709 2150 772 2174; x_wconf 91' lang='lat' dir='ltr'>me</span> <span class='ocrx_word' id='word_1_266' title='bbox 799 2151 928 2175; x_wconf 89' lang='lat' dir='ltr'>amare</span> <span class='ocrx_word' id='word_1_267' title='bbox 950 2137 1172 2183; x_wconf 65' lang='lat' dir='ltr'>desineresg</span> <span class='ocrx_word' id='word_1_268' title='bbox 1203 2150 1293 2175; x_wconf 89' lang='lat' dir='ltr'>nam</span> <span class='ocrx_word' id='word_1_269' title='bbox 1315 2137 1365 2174; x_wconf 89' lang='lat' dir='ltr'>ab</span> <span class='ocrx_word' id='word_1_270' title='bbox 1386 2136 1518 2175; x_wconf 90' lang='lat' dir='ltr'>edicto</span> 
     </span>
     <span class='ocr_line' id='line_1_32' title="bbox 187 2201 1517 2251; baseline 0.002 -14"><span class='ocrx_word' id='word_1_271' title='bbox 187 2214 277 2238; x_wconf 88' lang='lat' dir='ltr'>meo</span> <span class='ocrx_word' id='word_1_272' title='bbox 304 2201 549 2239; x_wconf 86' lang='lat' dir='ltr'>recessissem</span> <span class='ocrx_word' id='word_1_273' title='bbox 579 2209 615 2239; x_wconf 91' lang='lat' dir='ltr'>et</span> <span class='ocrx_word' id='word_1_274' title='bbox 644 2201 840 2239; x_wconf 83' lang='lat' dir='ltr'>civitatem</span> <span class='ocrx_word' id='word_1_275' title='bbox 869 2201 908 2238; x_wconf 90' lang='lat' dir='ltr'>in</span> <span class='ocrx_word' id='word_1_276' title='bbox 935 2201 1098 2239; x_wconf 83' lang='lat' dir='ltr'>Catonis</span> <span class='ocrx_word' id='word_1_277' title='bbox 1126 2209 1163 2239; x_wconf 91' lang='lat' dir='ltr'>et</span> <span class='ocrx_word' id='word_1_278' title='bbox 1192 2201 1231 2238; x_wconf 92' lang='lat' dir='ltr'>in</span> <span class='ocrx_word' id='word_1_279' title='bbox 1262 2201 1382 2251; x_wconf 90' lang='lat' dir='ltr'>ipsius</span> <span class='ocrx_word' id='word_1_280' title='bbox 1408 2202 1517 2239; x_wconf 88' lang='lat' dir='ltr'>Bruti</span> 
     </span>
    </p>
   </div>
   <div class='ocr_carea' id='block_1_3' title="bbox 186 2304 1516 2432">
    <p class='ocr_par' dir='ltr' id='par_1_6' title="bbox 186 2304 1516 2432">
     <span class='ocr_line' id='line_1_33' title="bbox 234 2304 1515 2344; baseline 0.003 -12"><span class='ocrx_word' id='word_1_281' title='bbox 234 2313 246 2332; x_wconf 89' lang='lat'>1</span> <span class='ocrx_word' id='word_1_282' title='bbox 275 2304 354 2333; x_wconf 88' lang='lat' dir='ltr'>inde</span> <span class='ocrx_word' id='word_1_283' title='bbox 375 2304 472 2335; x_wconf 79' lang='lat' dir='ltr'><em>Otto:</em></span> <span class='ocrx_word' id='word_1_284' title='bbox 498 2305 529 2334; x_wconf 90' lang='lat' dir='ltr'>id</span> <span class='ocrx_word' id='word_1_285' title='bbox 548 2304 634 2334; x_wconf 82' lang='lat' dir='ltr'>codd.</span> <span class='ocrx_word' id='word_1_286' title='bbox 653 2317 659 2335; x_wconf 77' lang='lat' dir='ltr'>z</span> <span class='ocrx_word' id='word_1_287' title='bbox 684 2305 716 2335; x_wconf 89' lang='lat' dir='ltr'>id</span> <span class='ocrx_word' id='word_1_288' title='bbox 744 2316 832 2343; x_wconf 42' lang='lat' dir='ltr'>tcum</span> <span class='ocrx_word' id='word_1_289' title='bbox 857 2306 964 2335; x_wconf 52' lang='lat' dir='ltr'>efficit*</span> <span class='ocrx_word' id='word_1_290' title='bbox 996 2305 1126 2335; x_wconf 65' lang='lat' dir='ltr'>Emesa</span> <span class='ocrx_word' id='word_1_291' title='bbox 1279 2316 1295 2344; x_wconf 95' lang='lat'>7</span> <span class='ocrx_word' id='word_1_292' title='bbox 1322 2306 1343 2335; x_wconf 94' lang='lat' dir='ltr'>ii</span> <span class='ocrx_word' id='word_1_293' title='bbox 1361 2316 1457 2336; x_wconf 85' lang='lat' dir='ltr'>suum</span> <span class='ocrx_word' id='word_1_294' title='bbox 1474 2306 1515 2336; x_wconf 90' lang='lat' dir='ltr'>I:</span> 
     </span>
     <span class='ocr_line' id='line_1_34' title="bbox 187 2347 1516 2388; baseline 0.002 -12"><span class='ocrx_word' id='word_1_295' title='bbox 187 2356 281 2376; x_wconf 88' lang='lat' dir='ltr'>usum</span> <span class='ocrx_word' id='word_1_296' title='bbox 299 2347 340 2376; x_wconf 88' lang='lat' dir='ltr'><em>M</em></span> <span class='ocrx_word' id='word_1_297' title='bbox 468 2349 510 2377; x_wconf 83' lang='lat'>28</span> <span class='ocrx_word' id='word_1_298' title='bbox 535 2349 649 2378; x_wconf 87' lang='lat' dir='ltr'>bienni</span> <span class='ocrx_word' id='word_1_299' title='bbox 675 2348 859 2388; x_wconf 61' lang='lat' dir='ltr'>Sternkospf</span> <span class='ocrx_word' id='word_1_300' title='bbox 876 2360 928 2378; x_wconf 49' lang='lat' dir='ltr'>xcx</span> <span class='ocrx_word' id='word_1_301' title='bbox 950 2348 1063 2378; x_wconf 74' lang='lat' dir='ltr'>vienni</span> <span class='ocrx_word' id='word_1_302' title='bbox 1082 2354 1142 2387; x_wconf 70' lang='lat' dir='ltr'>pro</span> <span class='ocrx_word' id='word_1_303' title='bbox 1162 2349 1319 2382; x_wconf 13' lang='lat' dir='ltr'>sexenni,y</span> <span class='ocrx_word' id='word_1_304' title='bbox 1341 2362 1347 2379; x_wconf 91' lang='lat'><strong>:</strong></span> <span class='ocrx_word' id='word_1_305' title='bbox 1372 2350 1516 2380; x_wconf 82' lang='lat' dir='ltr'>sexenni</span> 
     </span>
     <span class='ocr_line' id='line_1_35' title="bbox 186 2389 1515 2432; baseline 0.002 -12"><span class='ocrx_word' id='word_1_306' title='bbox 186 2389 274 2421; x_wconf 84' lang='lat' dir='ltr'>codd.</span> <span class='ocrx_word' id='word_1_307' title='bbox 321 2390 402 2421; x_wconf 82' lang='lat' dir='ltr'>Post</span> <span class='ocrx_word' id='word_1_308' title='bbox 417 2392 562 2422; x_wconf 81' lang='lat' dir='ltr'>sexenni</span> <span class='ocrx_word' id='word_1_309' title='bbox 581 2391 694 2422; x_wconf 71' lang='lat' dir='ltr'>addere</span> <span class='ocrx_word' id='word_1_310' title='bbox 710 2392 780 2423; x_wconf 76' lang='lat' dir='ltr'>vult</span> <span class='ocrx_word' id='word_1_311' title='bbox 795 2392 899 2422; x_wconf 86' lang='lat' dir='ltr'>ternis</span> <span class='ocrx_word' id='word_1_312' title='bbox 918 2397 1094 2432; x_wconf 83' lang='lat' dir='ltr'>praeterea</span> <span class='ocrx_word' id='word_1_313' title='bbox 1111 2393 1314 2431; x_wconf 85' lang='lat' dir='ltr'>quadrienni</span> <span class='ocrx_word' id='word_1_314' title='bbox 1327 2392 1515 2424; x_wconf 80' lang='lat' dir='ltr'>Mommsen</span> 
     </span>
    </p>
   </div>
  </div>
 </body>
</html>
