1732 2661
611 198 722 234 EPP.
756 197 833 233 AD
865 196 1123 234 ATTICVM
1472 195 1524 232 ΙΙ.
1548 194 1609 232 xii

239 309 276 347 O
308 308 436 346 suavis
469 307 654 358 epistulas
688 316 772 345 tuas
804 321 885 345 uno
917 315 1093 356 tempore
1124 306 1219 344 mihi
1251 307 1360 344 datas
1390 307 1512 344 duas!

185 373 341 421 Quibus
363 373 561 425 εὐαγγέλια
582 385 683 422 quae
699 373 862 410 reddam
880 371 1013 410 nescio
1032 386 1041 419 3
1070 371 1205 410 deberi
1222 371 1382 421 quidem
1397 372 1513 421 plane

184 439 316 476 fateor.
376 440 454 477 Sed
483 438 572 476 vide
602 439 833 489 συγκύρημα.
894 439 1139 475 Emerseram
1174 437 1431 474 commodum
1467 443 1556 473 ex2

182 503 335 542 Antiati
358 504 399 541 in
424 503 595 553 Appiam
624 504 676 541 ad
703 502 790 540 Tris
812 503 1014 540 Tabernas
1045 500 1137 551 ipsis
1168 500 1398 547 Cerialibus,
1421 514 1512 538 cum

144 579 161 610 5
182 568 220 606 in
256 583 319 607 me
354 569 512 606 incurrit
546 570 676 607 Roma
706 568 866 606 veniens
902 567 1022 606 Curio
1054 580 1175 605 meus.
1236 566 1391 605 Ibidem
1423 565 1513 604 ilico

181 647 277 683 puer
309 635 380 672 abs
411 643 448 673 te
480 648 570 673 cum
601 633 787 684 epistulis.
850 635 922 672 Ille
954 647 1000 671 ex
1030 646 1103 679 me,
1134 632 1284 670 nihilne
1312 631 1510 670 audissem

180 699 282 737 novi.
362 701 446 750 Ego
485 713 636 749 negare.
718 699 935 737 ‘Publius'
984 698 1110 748 inquit
1152 697 1419 736 ‘tribunatum
1459 698 1509 745 pl.

179 764 300 813 petit.'
360 765 491 813 ‘Quid
525 765 632 803 ais?'
693 767 768 803 ‘Et
804 764 1097 802 inimicissimus
1127 763 1288 813 quidem
1320 761 1509 808 Caesaris,

179 837 217 867 et
242 838 283 868 ut
313 830 467 868 omnia'
499 830 627 880 inquit
661 830 754 868 ‘ista
783 829 1003 868 rescindat.'
1065 828 1199 877 ‘Quid
1227 829 1422 868 Caesar?⁷
1458 827 1512 864 in-

122 906 160 928 10
178 907 309 944 quam.
371 897 522 945 ‘Negat
556 909 597 933 se
632 895 845 945 quicquam
885 895 935 933 de
967 893 1068 932 illius
1102 893 1317 943 adoptione
1351 892 1510 931 tulisse.'

181 959 337 998 Deinde
354 973 482 1008 suum,
506 960 685 1007 Memmi,
712 960 865 998 Metelli
896 959 1064 1008 Nepotis
1089 959 1329 1009 exprompsit
1360 958 1508 997 odium.

179 1025 420 1074 Complexus
459 1025 642 1063 iuvenem
682 1025 813 1064 dimisi
846 1038 1060 1075 properans
1091 1025 1142 1063 ad
1177 1023 1372 1074 epistulas.
1431 1023 1511 1061 Vbi

178 1098 268 1128 sunt
298 1091 365 1140 qui
399 1091 509 1129 aiunt
543 1093 666 1140 ζώσης
699 1092 852 1140 φωνῆςΡ
891 1098 1039 1140 quanto
1075 1089 1197 1139 magis
1231 1089 1310 1127 vidi
1349 1103 1395 1127 ex
1435 1089 1510 1127 tuis

177 1155 311 1193 litteris
328 1170 446 1205 quam
468 1170 514 1194 ex
535 1156 636 1194 illius
657 1170 838 1195 sermone
855 1155 951 1205 quid
972 1162 1161 1205 ageretur,
1177 1156 1227 1193 de
1248 1154 1510 1192 ruminatione

120 1231 155 1262 15
177 1221 384 1268 cotidiana,
409 1223 459 1260 de
486 1222 724 1272 cogitatione
754 1221 879 1267 Publi,
907 1222 957 1259 de
979 1220 1082 1258 lituis
1108 1220 1303 1270 βοώπιδος,
1327 1221 1376 1258 de
1398 1219 1510 1269 signi-

176 1286 257 1323 fero
287 1286 525 1333 Athenione,
560 1288 610 1325 de
645 1286 779 1325 litteris
811 1285 938 1324 missis
977 1286 1028 1323 ad
1068 1286 1261 1332 Gnaeum,
1298 1286 1348 1323 de
1381 1286 1510 1323 Theo-

176 1351 315 1400 phanis
347 1352 596 1402 Memmique
631 1366 811 1390 sermone
827 1367 836 1399 3
886 1359 1073 1401 quantam
1107 1364 1222 1400 porro
1252 1349 1347 1387 mihi
1378 1363 1509 1399 exspe-

175 1415 387 1454 ctationem
413 1416 557 1455 dedisti
585 1416 740 1455 convivi
766 1417 876 1454 istius
908 1419 1118 1468 ἀσελγοῦςῖ
1176 1417 1271 1453 Sum
1293 1414 1332 1451 in
1353 1414 1509 1452 curiosi-

175 1488 252 1519 tate
274 1482 469 1528 ὀξύπεινος,
494 1483 564 1520 sed
586 1490 718 1519 tamen
740 1482 852 1519 facile
874 1480 1000 1531 patior
1021 1488 1058 1518 te
1080 1480 1119 1518 id
1139 1481 1190 1518 ad
1213 1493 1275 1518 me
1296 1481 1509 1529 συμπόσιον

117 1558 155 1580 20
174 1559 254 1583 non
276 1546 444 1585 scribere
460 1562 468 1594 ;
498 1554 745 1597 praesentem
766 1546 901 1584 audire
923 1548 1037 1584 malo.

228 1612 349 1659 Quod
371 1626 434 1650 me
455 1619 497 1650 ut
518 1611 686 1649 scribam
712 1611 861 1661 aliquid
884 1610 1059 1657 hortaris,
1076 1610 1213 1649 crescit
1227 1610 1323 1648 mihi
1344 1609 1505 1660 quidem
1527 1615 1550 1652 3

173 1677 363 1723 materies,
383 1686 425 1715 ut
446 1677 558 1723 dicis,
573 1678 642 1715 sed
665 1685 746 1715 tota
773 1690 832 1715 res
853 1676 971 1715 etiam
993 1690 1098 1714 nunc
1119 1677 1293 1722 fluctuat,
1317 1677 1392 1713 κατ’
1415 1677 1506 1714 ὀπώ-

171 1759 240 1791 ρην
268 1744 366 1792 τρύξ.
443 1744 557 1791 Quae
596 1742 627 1779 si
666 1741 872 1789 desederit,
911 1741 1033 1791 magis
1072 1749 1184 1779 erunt
1223 1741 1369 1790 liquata
1403 1754 1505 1791 quae

171 1807 349 1846 scribam.
411 1808 524 1856 Quae
554 1807 585 1845 si
615 1807 745 1844 statim
776 1821 799 1844 a
828 1820 891 1845 me
921 1808 1018 1845 ferre
1042 1820 1123 1844 non
1151 1805 1331 1855 potueris,
1356 1806 1504 1856 primus

114 1884 150 1915 25
172 1872 335 1910 habebis
366 1880 499 1910 tamen
533 1880 570 1910 et
605 1871 849 1921 aliquamdiu
885 1873 1001 1910 solus.
1077 1871 1365 1909 Dicaearchum
1400 1878 1548 1918 recte4

170 1950 303 1984 amas3
345 1939 568 1975 luculentus
600 1938 721 1975 homo
761 1944 819 1974 est
858 1944 895 1974 et
934 1936 1029 1974 civis
1064 1937 1170 1974 haud
1210 1937 1327 1985 paulo
1367 1935 1504 1973 melior

169 2014 288 2050 quam
319 2001 381 2040 isti
411 2002 533 2040 nostri
565 2003 805 2053 ἀδικαίαρχοι.
866 2001 1031 2039 Litteras
1064 2000 1199 2050 scripsi
1229 2002 1324 2038 hora
1348 2001 1502 2038 decima

167 2066 388 2105 Cerialibus
422 2067 552 2105 statim
588 2075 629 2105 ut
662 2075 748 2105 tuas
779 2069 960 2117 legeram,
990 2067 1059 2104 sed
1091 2079 1155 2103 eas
1187 2078 1292 2103 eram
1327 2066 1501 2113 daturus,

170 2138 210 2167 ut
239 2140 431 2180 putaram,
457 2132 644 2182 postridie
669 2132 702 2170 ei
734 2132 801 2182 qui
832 2131 929 2169 mihi
956 2131 1104 2180 primus
1133 2130 1290 2168 obviam
1318 2130 1497 2169 venisset.

111 2208 150 2238 30
168 2196 353 2234 Terentia
391 2198 585 2235 delectata
620 2204 677 2235 est
711 2197 787 2234 tuis
822 2196 983 2242 litteris;
1022 2195 1194 2245 impertit
1230 2195 1299 2232 tibi
1335 2196 1498 2233 multam

214 2309 247 2329 11
280 2299 481 2339 Memmique
500 2299 542 2329 M
555 2299 640 2330 unde
657 2299 805 2333 Memmi.
823 2300 862 2338 Q.
883 2298 1073 2339 lVesenbetg
1199 2309 1239 2337 23
1263 2297 1338 2338 τρύξ
1354 2298 1498 2330 Rosius:

166 2345 321 2372 TPAXTC
335 2342 403 2373 MC
468 2343 640 2374 desederit
657 2343 720 2373 cod.
735 2342 1041 2373 Helmssadliensz's:
1070 2342 1256 2373 decesserit
1269 2342 1307 2371 M
1372 2343 1498 2381 liquata

168 2384 287 2417 Orelli:
323 2387 467 2417 iudicata
497 2386 585 2418 codd.
743 2397 782 2425 25
819 2391 851 2416 et
880 2390 974 2416 vett.:
1011 2386 1042 2416 id
1071 2385 1112 2415 M
1264 2396 1306 2425 29
1339 2386 1494 2424 putabam

170 2428 359 2470 Wesenberg
