1773 2651
598 162 709 198 EPP.
742 162 819 197 AD
850 161 1109 199 ATTICVM
1500 164 1545 201 V.
1569 163 1615 199 ix

165 272 258 310 mihi
281 272 470 323 recepisti,
496 280 698 312 memento
721 286 854 311 curare
882 286 950 322 per
971 280 1009 310 te
1030 280 1068 310 et
1089 286 1157 322 per
1179 273 1308 311 omnis
1329 281 1494 320 nostros,

163 337 201 374 in
223 337 357 387 primis
378 351 446 387 per
468 337 743 383 Hortensium,
763 346 803 374 ut
825 351 951 375 annus
969 345 1101 375 noster
1118 346 1274 375 maneat
1293 352 1363 376 suo
1381 346 1493 383 statu,

162 416 211 440 ne
232 402 329 451 quid
356 402 447 441 novi
475 404 717 441 decernatur.
781 404 873 440 Hoc
901 402 971 440 tibi
993 401 1046 440 ita
1074 403 1221 441 mando
1249 411 1289 440 ut
1317 403 1496 441 dubitem

160 480 211 504 an
243 467 361 505 etiam
395 475 432 506 te
464 481 598 517 rogem
634 475 676 506 ut
708 481 858 518 pugnes
893 481 943 506 ne
982 467 1241 506 intercaletur.
1303 469 1380 506 Sed
1416 482 1496 507 non

123 544 140 575 5
161 533 290 570 audeo
321 532 391 571 tibi
421 533 554 571 omnia
585 546 704 572 onera
733 533 960 583 imponere3
991 546 1141 570 annum
1170 532 1330 583 quidem
1359 532 1495 582 utique

161 605 306 635 teneto.

215 662 356 701 Cicero
396 676 517 709 meus,
560 663 875 702 modestissimus
915 671 952 701 et
992 662 1244 701 suavissimus
1283 677 1389 713 puer,
1425 663 1495 701 tibi
1515 668 1539 704 3

161 729 327 766 salutem
349 728 454 767 dicit.
518 729 755 778 Dionysium
784 742 938 778 semper
965 728 1163 778 equidem,
1186 737 1228 766 ut
1256 728 1341 774 scis,
1365 728 1493 774 dilexi,

161 794 230 831 sed
251 793 397 832 cotidie
418 794 537 844 pluris
560 794 660 832 facio
677 802 715 832 et
737 807 799 832 me
816 795 974 832 hercule
996 793 1035 831 in
1057 793 1191 843 primis
1208 795 1316 844 quod
1337 802 1375 832 te
1391 802 1496 833 amat

106 872 142 895 10
161 870 234 895 nec
256 857 311 896 tui
334 858 576 897 mentionem
598 858 802 897 intermitti
824 858 925 896 sinit.

205 969 248 1003 X
381 973 450 1005 Ser.
469 973 611 1004 Atlzcnz's
624 974 710 1014 prid.
729 974 771 1004 K.
792 977 852 1004 aut
868 974 911 1005 K.
933 974 1045 1013 Quint.
1063 985 1094 1006 a.
1115 984 1170 1014 70]
1189 974 1276 1016 (51).

578 1038 754 1070 CICERO
780 1039 956 1069 ATTICO
983 1039 1078 1070 SAL.

216 1106 269 1142 Vt
290 1107 467 1143 Athenas
495 1119 526 1143 a.
550 1106 587 1144 d.
605 1118 644 1143 vl
670 1107 757 1143 Kal.
783 1104 971 1154 Quintilis
992 1118 1188 1152 veneram,
1218 1105 1493 1156 exspectabam
1513 1114 1530 1141 1

162 1169 216 1208 ibi
238 1169 314 1208 iam
343 1179 525 1220 quartum
553 1170 659 1209 diem
690 1170 944 1219 Pomptinum
973 1184 1103 1220 neque
1133 1171 1183 1208 de
1213 1170 1295 1208 eius
1322 1172 1495 1209 adventu

104 1251 141 1282 15
163 1235 256 1273 certi
287 1236 500 1287 quicquam
525 1237 734 1275 habebam.
796 1238 914 1274 Eram
942 1244 1074 1274 autem
1103 1244 1219 1282 totus,
1243 1237 1359 1275 crede
1388 1236 1494 1283 mihi,

163 1309 293 1339 tecum
326 1309 374 1348 et,
410 1315 652 1352 quamquam
685 1301 768 1340 sine
801 1301 846 1339 iis
876 1315 944 1351 per
978 1315 1041 1340 me
1074 1301 1167 1351 ipse,
1203 1309 1335 1339 tamen
1371 1301 1498 1339 acrius

161 1366 332 1416 vestigiis
354 1366 429 1404 tuis
451 1367 624 1405 monitus
646 1368 696 1405 de
718 1375 755 1405 te
777 1366 1010 1416 cogitabam.
1072 1366 1180 1414 Quid
1203 1366 1386 1416 quaeris?
1415 1380 1496 1404 non

163 1445 226 1469 me
247 1432 405 1470 hercule
425 1432 524 1470 alius
546 1434 647 1470 ullus
669 1445 798 1470 sermo
819 1431 892 1469 nisi
913 1432 963 1469 de
984 1438 1033 1468 te.
1094 1432 1172 1469 Sed
1193 1439 1234 1468 tu
1255 1432 1306 1469 de
1327 1444 1390 1469 me
1411 1430 1497 1480 ipso
1516 1439 1540 1466 2

161 1496 311 1546 aliquid
333 1497 430 1536 scire
459 1499 621 1536 fortasse
648 1496 781 1535 mavis.
844 1498 957 1534 Haec
985 1503 1085 1534 sunt.
1146 1497 1291 1534 Adhuc
1317 1503 1497 1545 sumptus

103 1579 144 1600 20
163 1575 236 1600 nec
257 1561 296 1599 in
319 1576 382 1600 me
401 1570 469 1600 aut
490 1563 649 1613 publice
670 1570 737 1600 aut
759 1562 939 1612 privatim
962 1575 1033 1599 nec
1055 1561 1094 1598 in
1116 1574 1357 1611 quemquam
1379 1561 1498 1599 comi-

163 1634 257 1664 tum.
319 1627 427 1665 Nihil
449 1627 638 1677 accipitur
666 1629 751 1678 lege
774 1626 886 1673 Iulia,
910 1626 1006 1664 nihil
1034 1627 1084 1664 ab
1111 1626 1276 1675 hospite.
1339 1628 1497 1664 Persua-

162 1705 249 1729 sum
271 1700 328 1730 est
350 1692 535 1730 omnibus
558 1692 655 1730 meis
677 1691 927 1730 serviendum
950 1704 1035 1729 esse
1056 1692 1182 1729 famae
1204 1704 1325 1729 meae.
1388 1692 1496 1729 Belle

161 1758 302 1795 adhuc.
365 1759 458 1795 Hoc
497 1756 814 1795 animadversum
852 1758 1092 1794 Graecorum
1132 1756 1249 1793 laude
1287 1763 1325 1793 et
1371 1757 1496 1793 multo

162 1835 343 1860 sermone
372 1822 600 1860 celebratur.
663 1822 785 1870 Quod
820 1828 1008 1871 superest,
1041 1820 1262 1858 elaboratur
1292 1820 1331 1857 in
1367 1821 1443 1858 hoc
1473 1834 1496 1858 a

104 1902 141 1934 25
162 1901 236 1934 me,
259 1887 359 1925 sicut
380 1886 451 1924 tibi
478 1886 582 1925 sensi
609 1887 773 1936 placere.
835 1887 912 1924 Sed
934 1887 1032 1923 haec
1059 1892 1142 1923 tum
1167 1886 1373 1923 laudemus
1401 1898 1491 1922 cum

161 1960 274 1990 erunt
294 1959 482 2002 perorata.
534 1950 703 2000 Reliqua
719 1958 809 1988 sunt
830 1950 912 1988 eius
935 1949 1043 1988 modi
1066 1958 1107 1987 ut
1129 1963 1260 1987 meum
1283 1949 1491 1987 consilium
1513 1961 1537 1998 3

161 2030 278 2066 saepe
298 2017 585 2065 reprehendam
606 2016 715 2065 quod
737 2028 816 2053 non
838 2014 968 2064 aliqua
990 2014 1141 2052 ratione
1162 2028 1208 2052 ex
1236 2015 1311 2052 hoc
1333 2013 1495 2064 negotio

161 2080 395 2119 emerserim.
456 2081 492 2118 O
520 2094 602 2118 rem
630 2079 792 2117 minime
816 2086 947 2129 aptam
979 2078 1076 2117 meis
1104 2079 1303 2117 moribus!
1343 2091 1367 2116 o
1397 2078 1494 2117 illud

161 2159 293 2184 verum
329 2146 423 2196 ἔρδοι
452 2148 528 2185 τιςῙ
580 2144 698 2182 Dices
732 2143 864 2192 ‘Quid
898 2145 1060 2182 adhuc?
1101 2145 1280 2182 nondum
1312 2143 1417 2181 enim
1453 2143 1492 2180 in

103 2227 143 2258 30
163 2211 320 2261 negotio
351 2210 563 2248 versaris?'
605 2211 707 2247 Sane
745 2208 827 2246 scio
867 2216 904 2246 et
943 2216 1040 2257 puto
1072 2208 1297 2247 molestiora
1336 2215 1490 2246 restare.

208 2324 220 2343 1
248 2314 405 2352 recepisti
434 2313 635 2343 Lehmann:
671 2312 843 2351 rescripsti
866 2310 923 2341 M:
960 2312 1162 2350 rescripsisti
1192 2312 1278 2352 vulg.
1454 2322 1492 2351 13

160 2365 194 2385 V1
226 2355 415 2396 W'esenbmg
439 2355 591 2386 Schmidt
606 2355 672 2385 coll.
700 2355 797 2386 Fam.
824 2355 856 2385 ii.
882 2355 912 2385 8.
937 2364 976 2393 3:
1003 2363 1049 2384 xv
1066 2353 1122 2386 M:
1149 2363 1198 2384 vu
1226 2354 1319 2385 Man.
1456 2356 1494 2385 18

160 2399 301 2429 alterum
323 2409 376 2428 me
393 2409 456 2430 om.
481 2398 627 2428 ONHM
757 2409 794 2428 21
824 2398 916 2428 Nihil
935 2408 1000 2427 om.
1020 2396 1107 2428 Rav.
1242 2407 1284 2435 30
1309 2398 1399 2428 Sane
1423 2399 1494 2429 scio

160 2443 299 2472 Kalmt:
325 2443 438 2472 nescio
457 2441 514 2473 M:
540 2452 608 2472 non
628 2442 741 2472 nescio
760 2441 856 2471 Klotz
872 2452 878 2471 ε
904 2441 975 2470 scio
992 2439 1106 2470 Baiter
1121 2452 1126 2471 :
1141 2440 1222 2479 fort.
1244 2441 1295 2471 Ne
1313 2452 1376 2480 ego
1394 2442 1466 2472 scio
