1773 2651
180 176 250 214 VI.
269 175 314 211 iii
597 175 652 211 M.
685 173 853 210 TVLLI
886 172 1193 212 CICERONIS

274 286 424 326 consili.
486 285 594 334 Quid
625 285 808 335 quaeris?
847 292 930 323 toto
960 283 1119 334 negotio
1144 283 1259 322 nobis
1286 297 1385 334 opus
1409 297 1490 323 non
1520 283 1601 323 fuit.

276 354 438 401 Quanto
473 359 539 390 tua
573 349 775 400 provincia
807 349 967 387 melior!
1039 350 1221 387 Decedes
1254 362 1344 387 cum
1379 351 1497 396 voles,
1531 348 1605 387 nisi

276 419 374 456 forte
395 416 472 455 iam
500 414 729 461 decessisti3
758 427 877 463 quem
902 413 1099 451 videbitur
1126 413 1326 463 praeficies
1346 413 1606 463 Thesprotiae

276 490 315 521 et
345 481 558 522 Chaoniae.
620 480 805 518 Necdum
837 487 970 517 tamen
1002 492 1074 528 ego
1105 479 1300 528 Quintum
1332 491 1607 525 conveneram,

277 555 319 586 ut
341 547 429 593 iam,
453 546 483 585 si
506 546 545 584 id
566 547 747 595 placeret,
771 544 909 582 scirem
932 551 1116 593 possetne
1137 544 1188 581 ab
1215 556 1263 581 eo
1284 542 1479 592 impetrari
1494 558 1504 590 ς
1534 556 1606 581 nec
1626 556 1643 587 5

235 623 259 660 3
279 621 422 658 tamen,
460 611 491 649 si
525 618 668 661 posset,
703 610 798 660 quid
830 611 971 648 vellem
1006 609 1213 647 habebam.
1276 610 1368 646 Hoc
1402 616 1460 646 est
1494 607 1608 658 igitur

277 678 361 716 eius
391 676 510 715 modi.

332 741 501 791 Reliqua
529 742 645 791 plena
671 741 803 778 adhuc
831 747 868 777 et
893 739 1020 777 laudis
1045 747 1082 778 et
1107 738 1261 789 gratiae,
1285 739 1403 788 digna
1430 738 1474 776 iis
1501 737 1608 776 libris

276 820 375 857 quos
410 805 601 851 dilaudas,
636 812 889 843 conservatae
928 804 1116 851 civitates,
1151 806 1348 842 cumulate
1387 803 1607 854 publicanis

276 871 368 909 satis
403 872 561 917 factum,
599 871 771 908 offensus
806 869 1047 908 contumelia
1082 883 1211 916 nemo,
1243 870 1402 907 decreto
1437 868 1539 906 iusto
1570 875 1608 905 et
1630 881 1670 903 10

277 949 412 974 severo
442 935 627 986 perpauci
658 948 731 973 nec
762 942 894 973 tamen
924 934 1133 984 quisquam
1163 942 1205 972 ut
1235 933 1344 984 queri
1371 934 1524 979 audeat,
1548 946 1608 971 res

276 1008 408 1051 gestae
429 1000 570 1050 dignae
598 1000 822 1050 triumpho;
852 1001 902 1038 de
923 1013 1003 1050 quo
1031 999 1116 1049 ipso
1142 999 1238 1037 nihil
1266 999 1409 1048 cupide
1435 1011 1607 1048 agemus,

278 1066 361 1104 sine
383 1074 451 1104 tuo
472 1066 633 1115 quidem
661 1065 826 1103 consilio
847 1073 951 1103 certe
979 1065 1085 1103 nihil.
1147 1066 1333 1104 Clausula
1357 1072 1415 1102 est
1442 1063 1610 1102 difficilis

279 1130 318 1169 in
339 1132 529 1170 tradenda
550 1130 760 1180 provincia.
821 1131 899 1169 Sed
920 1132 1017 1168 haec
1037 1132 1136 1169 deus
1156 1129 1296 1180 aliquis
1316 1128 1560 1179 gubernabit.

235 1207 261 1242 4
336 1198 397 1234 De
417 1195 575 1234 urbanis
592 1196 708 1234 rebus
729 1194 877 1233 scilicet
897 1196 1007 1245 plura
1024 1202 1064 1233 tu
1086 1195 1186 1241 scis3
1215 1194 1370 1245 saepius
1387 1201 1424 1232 et
1444 1193 1609 1232 certiora
1631 1207 1667 1240 15

277 1261 416 1308 audis,
444 1260 629 1310 equidem
661 1261 779 1298 doleo
810 1273 889 1298 non
921 1274 983 1298 me
1014 1260 1090 1298 tuis
1120 1260 1255 1298 litteris
1281 1259 1486 1298 certiorem
1514 1259 1606 1297 fieri.

279 1328 373 1364 Huc
401 1325 506 1364 enirn
529 1325 667 1364 odiosa
693 1326 971 1363 adferebantur
998 1327 1048 1364 de
1070 1325 1253 1371 Curione,
1278 1327 1327 1363 de
1350 1326 1499 1372 Paulo,
1529 1338 1611 1363 non

278 1405 357 1441 quo
397 1392 519 1428 ullum
560 1390 777 1440 periculum
817 1390 971 1428 videam
1008 1398 1134 1429 stante
1168 1389 1360 1440 Pompeio
1394 1391 1454 1428 vel
1493 1389 1611 1428 etiam

278 1458 454 1503 sedente,
484 1457 609 1494 valeat
645 1457 792 1502 modo,
835 1456 905 1493 sed
937 1469 999 1493 me
1029 1456 1187 1493 hercule
1218 1455 1402 1494 Curionis
1432 1462 1469 1493 et
1500 1454 1611 1493 Pauli

279 1535 456 1560 meorum
497 1520 745 1558 familiarium
785 1520 909 1558 vicem
943 1522 1070 1559 doleo.
1147 1523 1330 1559 Formam
1365 1520 1480 1570 igitur
1514 1519 1610 1558 mihi
1633 1535 1672 1556 20

280 1587 398 1625 totius
429 1586 482 1624 rei
512 1586 704 1635 publicae,
737 1586 767 1623 si
799 1585 875 1624 iam
905 1600 946 1624 es
978 1588 1131 1624 Romae
1161 1593 1227 1624 aut
1257 1600 1347 1624 cum
1378 1585 1462 1633 eris,
1494 1585 1611 1623 velim

281 1652 410 1690 mittas
435 1665 536 1701 quae
562 1651 657 1689 mihi
685 1651 843 1689 obviam
871 1651 1000 1689 veniat
1025 1665 1071 1689 ex
1096 1665 1173 1701 qua
1202 1665 1264 1690 me
1292 1653 1436 1701 fingere
1463 1650 1611 1700 possim

280 1726 318 1756 et
339 1715 612 1767 praemeditari
634 1730 713 1765 quo
743 1716 876 1754 animo
903 1717 1090 1755 accedam
1121 1718 1171 1755 ad
1200 1717 1347 1755 urbem.
1409 1718 1479 1753 Est
1506 1715 1611 1753 enim

283 1783 474 1833 quiddam
495 1781 772 1820 advenientem
794 1795 874 1819 non
892 1794 976 1819 esse
997 1781 1245 1831 peregrinum
1266 1789 1383 1831 atque
1400 1780 1607 1830 hospitem.

241 1860 266 1899 5
286 1851 335 1886 Et
367 1849 475 1897 quod
510 1861 634 1897 paene
664 1846 853 1897 praeterii,
887 1847 996 1885 Bruti
1026 1847 1082 1885 tui
1112 1860 1240 1893 causa,
1272 1854 1313 1884 ut
1343 1860 1459 1896 saepe
1490 1847 1540 1884 ad
1572 1854 1610 1884 te
1633 1857 1670 1890 25

284 1913 429 1963 scripsi,
470 1912 544 1950 feci
584 1911 727 1950 omnia.
807 1912 939 1961 Cyprii
982 1912 1265 1959 numerabant,
1313 1912 1383 1949 sed
1431 1911 1611 1960 Scaptius

283 1977 507 2017 centesimis
541 1984 728 2015 renovato
760 1977 799 2014 in
834 1977 1007 2026 singulos
1041 1990 1167 2015 annos
1206 1978 1364 2015 faenore
1402 1983 1612 2014 contentus

284 2057 363 2082 non
403 2043 484 2081 fuit.
545 2042 828 2081 Ariobarzanes
868 2056 948 2081 non
984 2042 1023 2080 in
1059 2042 1293 2092 Pompeium
1328 2041 1511 2091 prolixior
1544 2055 1613 2091 per

283 2108 411 2158 ipsum
442 2121 560 2158 quam
591 2121 659 2157 per
689 2121 751 2146 me
782 2107 821 2145 in
844 2109 1020 2145 Brutum.
1082 2109 1213 2156 Quem
1244 2114 1377 2144 tamen
1405 2120 1477 2155 ego
1504 2120 1611 2156 prae-

282 2181 382 2211 stare
403 2187 483 2211 non
504 2181 681 2222 poteram
698 2187 707 2220 3
737 2180 817 2210 erat
841 2172 946 2210 enim
971 2186 1036 2210 rex
1060 2185 1278 2221 perpauper
1300 2172 1539 2220 aberamque
1559 2171 1609 2209 ab
1630 2185 1672 2216 30

282 2253 329 2277 eo
360 2239 412 2276 ita
441 2240 556 2288 longe
586 2246 627 2276 ut
658 2237 754 2275 nihil
784 2251 941 2287 possem
967 2237 1041 2275 nisi
1071 2237 1231 2281 litteris;
1265 2236 1407 2286 quibus
1437 2250 1610 2286 pugnare

283 2318 362 2342 non
384 2303 525 2342 destiti.
586 2304 748 2341 Summa
769 2304 866 2340 haec
887 2309 954 2340 est.
1016 2304 1092 2339 Pro
1112 2301 1262 2340 ratione
1289 2301 1479 2350 pecuniae
1500 2301 1609 2339 liber-

324 2418 344 2446 9
373 2407 527 2437 dilaudas
546 2407 621 2436 l'ict.
643 2418 648 2436 :
669 2406 713 2435 dii
733 2405 848 2435 laudas
864 2404 914 2433 Μι
937 2416 942 2434 ;
966 2409 999 2434 tu
1019 2404 1134 2435 laudas
1153 2404 1208 2434 ,Μ2
1353 2408 1387 2434 ῑὸ
1413 2405 1527 2446 doleo]
1544 2405 1618 2435 ln'nc

282 2461 384 2490 usqne
400 2450 445 2480 ad
459 2462 488 2488 4.
514 2460 525 2479 1
549 2451 620 2489 (ex)
642 2449 781 2479 alterum
801 2448 910 2478 codicis
933 2447 1218 2489 lVfingmentum
1236 2452 1340 2478 m'slat
