1773 2651
685 550 855 587 LIBER
886 548 1094 587 SEXTVS

641 659 742 706 AD
796 657 1133 705 ATTICVM

265 779 288 814 Ῑ
521 780 591 813 Ser.
612 781 787 811 Laodiceae
802 781 835 810 vi
849 780 891 810 K.
909 780 1007 810 Alart.
1030 790 1059 809 a.
1085 789 1143 818 704
1163 779 1174 818 (
1182 779 1249 817 50).

641 852 816 882 CICERO
841 851 1010 881 ATTICO
1039 850 1136 881 SAL.

277 927 431 964 ACCEPI
454 933 539 963 tuas
560 924 705 962 litteras
729 937 761 962 a.
786 925 822 962 d.
846 924 1027 973 quintum
1044 921 1284 961 Terminalia
1306 920 1527 960 Laodiceae
1542 935 1552 969 3
1570 937 1587 965 1

222 1005 319 1041 quas
339 990 414 1040 legi
434 989 693 1029 libentissime
713 988 960 1040 plenissimas
981 987 1135 1035 amoris,
1155 986 1420 1034 humanitatis,
1436 985 1550 1033 offici,

185 1072 202 1103 5
223 1055 459 1106 diligentiae.
519 1055 573 1093 Iis
603 1054 717 1105 igitur
744 1054 994 1104 respondebo
1020 1067 1094 1090 non
1115 1054 1257 1104 χρύσεα
1279 1053 1462 1103 χαλκείων
1482 1051 1554 1101 (sic

222 1122 327 1160 enim
349 1120 541 1170 postulas)
563 1133 636 1158 nec
661 1120 871 1168 οἰκονομίαν
891 1132 1019 1156 meam
1045 1117 1257 1163 instituam,
1282 1118 1350 1155 sed
1376 1116 1555 1155 ordinem

223 1187 465 1226 conservabo
495 1193 618 1223 tuum.
680 1184 987 1223 Recentissimas
1018 1197 1040 1221 a
1071 1183 1261 1232 Cybistris
1292 1190 1329 1221 te
1364 1196 1470 1220 meas
1500 1181 1557 1219 lit-

224 1260 323 1290 teras
344 1252 490 1289 habere
511 1250 568 1288 ais
588 1264 620 1288 a.
640 1252 676 1288 d.
701 1262 743 1287 XI
768 1250 970 1287 Kalendas
985 1247 1170 1287 Octobris
1191 1249 1302 1286 datas
1323 1255 1361 1285 et
1382 1246 1478 1285 scire
1499 1246 1556 1283 vis

225 1326 310 1355 tuas
338 1331 410 1368 ego
438 1330 535 1367 quas
561 1315 792 1366 acceperim.
853 1314 994 1353 Omnis
1024 1315 1103 1352 fere
1130 1327 1227 1363 quas
1255 1325 1553 1359 commemoras,

167 1397 205 1419 10
225 1390 376 1433 praeter
410 1396 475 1421 eas
510 1395 607 1432 quas
646 1380 782 1419 scribis
815 1380 972 1418 Lentuli
1007 1378 1136 1429 pueris
1171 1386 1208 1416 et
1241 1377 1484 1428 Equotutico
1518 1385 1556 1415 et

226 1447 437 1486 Brundisio
467 1449 589 1486 datas.
655 1447 746 1494 Qua
780 1459 819 1483 re
853 1458 933 1483 non
965 1446 1104 1496 οἴχεται
1135 1452 1201 1482 tua
1230 1442 1420 1481 industria
1447 1443 1556 1492 quod

224 1513 366 1552 vereris
401 1514 470 1552 sed
502 1513 699 1563 praeclare
731 1511 900 1561 ponitur,
933 1510 963 1548 si
996 1510 1157 1560 quidem
1192 1508 1232 1546 id
1264 1507 1375 1558 egisti
1410 1516 1451 1546 ut
1483 1521 1555 1558 ego

224 1579 448 1617 delectarer.
510 1579 614 1616 Nam
637 1578 743 1615 nulla
764 1590 804 1614 re
825 1589 911 1613 sum
933 1576 1150 1614 delectatus
1172 1573 1304 1623 magis.

280 1644 401 1692 Quod
423 1656 552 1681 rneam
573 1643 768 1692 βαθύτητα
789 1641 828 1678 in
846 1640 977 1690 Appio
995 1639 1076 1686 tibi,
1092 1638 1363 1677 liberalitatem
1381 1637 1498 1676 etiam
1516 1637 1554 1675 in
1574 1643 1598 1670 2

169 1725 205 1757 15
227 1711 347 1747 Bruto
372 1709 511 1759 probo,
532 1709 786 1747 vehementer
812 1707 990 1756 gaudeo3
1019 1718 1064 1742 ac
1085 1712 1263 1754 putaram
1289 1704 1406 1753 paulo
1431 1716 1553 1741 secus.

225 1774 378 1825 Appius
412 1774 519 1812 enim
552 1775 603 1812 ad
638 1786 701 1811 me
737 1786 783 1810 ex
818 1771 955 1810 itinere
987 1770 1047 1808 bis
1081 1778 1187 1808 terve
1218 1769 1558 1818 ὑπομεμψιμοίρους

226 1840 371 1879 litteras
396 1839 552 1878 miserat
574 1840 682 1889 quod
703 1838 900 1888 quaedam
924 1850 947 1874 a
967 1850 1008 1874 se
1035 1834 1249 1874 constituta
1279 1834 1553 1872 rescinderem.

226 1907 279 1943 Vt
304 1905 334 1943 si
363 1905 552 1951 medicus,
575 1918 666 1942 curn
696 1910 877 1952 aegrotus
904 1901 969 1939 alii
997 1900 1153 1940 medico
1179 1899 1342 1938 traditus
1363 1899 1422 1945 sit,
1446 1899 1556 1938 irasci

227 1970 318 2008 velit
339 1970 373 2009 ei
401 1970 558 2008 medico
585 1969 652 2018 qui
679 1968 752 2006 sibi
780 1966 1009 2006 successerit
1036 1966 1067 2004 si
1089 1979 1190 2015 quae
1211 1965 1294 2015 ipse
1315 1964 1355 2002 in
1383 1965 1557 2003 curando

169 2050 209 2072 20
227 2035 472 2074 constituerit
503 2042 627 2073 mutet
657 2034 730 2080 ille,
758 2033 812 2071 sic
837 2032 1003 2082 Appius,
1027 2045 1118 2069 curn
1148 2032 1189 2077 ἐξ
1216 2031 1444 2080 ἀφαιρέσεως
1474 2043 1558 2080 pro-

227 2101 396 2139 vinciam
431 2100 583 2146 curarit,
612 2098 842 2148 sanguinem
872 2096 1032 2143 miserit,
1059 2096 1249 2146 quicquid
1279 2095 1407 2146 potuit
1435 2096 1559 2133 detra-

228 2166 336 2213 xerit,
357 2166 453 2203 mihi
474 2164 675 2203 tradiderit
696 2171 886 2207 enectam,
911 2162 1314 2211 προσαινατρεφομένην
1337 2174 1423 2199 earn
1448 2173 1471 2197 a
1496 2173 1558 2197 me

272 2281 290 2307 3
313 2269 517 2299 Terminalia
552 2266 616 2297 CZI
648 2266 737 2297 coslai.
772 2265 872 2296 Boss:
899 2271 951 2296 ter
984 2266 1071 2295 milia
1104 2269 1157 2295 ΣΔ
1331 2275 1350 2303 5
1377 2274 1444 2294 non
1477 2263 1553 2294 add.

234 2313 423 2353 Wcsenheaeg
511 2310 631 2350 χρύσεα
646 2309 805 2349 χαλκείων
818 2309 894 2339 add.
913 2309 937 2338 L
974 2310 1099 2349 marg.)
1119 2310 1155 2346 cf.
1174 2311 1188 2345 ξ
1205 2319 1245 2338 22
1348 2309 1369 2337 6
1394 2318 1456 2337 nec
1476 2309 1558 2337 οἷκο-

228 2357 339 2395 νομὶαν
356 2380 362 2387 .
385 2379 392 2386 .
410 2380 417 2386 .
438 2355 537 2394 paulo
555 2364 653 2384 secus
680 2354 714 2393 (l.
739 2363 775 2392 15
816 2363 880 2383 om.
901 2352 990 2382 EHrr
1143 2353 1163 2382 8
1188 2362 1222 2382 xx
1248 2351 1397 2385 Sclzz'clze;
1424 2361 1445 2381 x
1469 2350 1556 2381 codd.

234 2411 271 2438 14
291 2401 386 2440 prius
398 2400 430 2429 in
442 2398 509 2429 secl.
528 2398 649 2436 YJyrrell
714 2396 903 2426 libertatem
920 2395 995 2426 Vict.
1089 2405 1125 2434 15
1152 2395 1250 2434 paulo
1268 2399 1290 2426 Σ
1310 2395 1399 2426 Crat.
1418 2407 1423 2425 :
1449 2405 1514 2426 om.
1531 2400 1558 2425 Δ
