1773 2651
140 157 186 194 V.
206 157 265 193 xii
620 160 675 197 M.
708 159 877 196 TVLLI
909 158 1216 197 CICERONIS

259 267 419 317 explica.
480 269 555 308 Cui
587 269 640 307 rei
675 271 823 319 fugerat
856 283 918 307 me
952 269 1175 316 rescribere,
1203 270 1253 307 de
1283 276 1386 306 strue
1415 269 1593 315 laterum,

261 333 377 381 plane
404 346 511 382 rogo,
532 335 582 372 de
611 348 727 384 aqua,
749 334 779 371 si
801 334 897 384 quid
923 334 1064 384 poterit
1085 334 1180 381 fieri,
1201 347 1249 371 eo
1277 332 1328 370 sis
1354 332 1488 370 animo
1514 346 1594 382 quo

261 398 364 435 soles
384 411 492 442 esse3
523 412 642 448 quam
664 412 736 447 ego
758 412 849 436 cum
875 412 962 436 mea
984 406 1126 448 sponte
1147 406 1229 436 tum
1252 397 1327 435 tuis
1348 396 1594 435 sermonibus

261 461 426 500 aestimo
456 463 622 512 plurimi.
685 465 789 512 Ergo
817 471 858 501 tu
886 463 926 502 id
955 463 1150 502 conficies.
1213 465 1417 500 Praeterea
1443 461 1474 499 si
1499 461 1594 511 quid

262 527 468 577 Philippus
498 528 649 576 rogabit
679 529 789 577 quod
819 528 859 566 in
889 536 955 566 tua
987 542 1026 566 re
1058 529 1214 574 faceres,
1248 527 1287 565 id
1317 526 1432 564 velim
1464 525 1592 564 facias.
1615 541 1632 572 5

264 592 380 629 Plura
406 592 572 630 scribam
599 593 649 631 ad
675 600 712 631 te
739 607 830 631 cum
858 593 1082 632 constitero.
1143 594 1262 631 Nune
1286 604 1391 630 eram
1416 592 1531 642 plane
1556 590 1596 628 in

264 656 398 695 medio
419 657 525 695 mari.

308 768 426 803 XIII
617 771 686 803 Ser.
705 772 830 813 Ephesi
841 773 888 803 vii
900 771 943 802 K.
960 771 1049 804 Sext.
1067 783 1096 803 α.
1118 782 1171 812 705
1190 772 1203 813 <
1207 772 1274 813 51).

681 843 858 875 CICERO
882 843 1057 874 ATTICO
1083 843 1180 874 SAL.

228 925 247 955 1
321 916 525 965 Ephesum
554 915 734 953 venimus
767 929 800 953 a.
833 916 869 953 d.
903 927 946 953 XI
979 917 1068 953 Kal.
1101 914 1254 953 Sextilis
1288 913 1530 964 sexagesimo
1559 921 1598 952 et
1620 927 1659 950 10

265 979 582 1029 quingentesimo
630 988 719 1030 post
767 994 940 1030 pugnam
990 980 1246 1018 Bovillanam.
1318 979 1599 1028 Navigavimus

265 1044 349 1083 sine
370 1045 509 1083 timore
536 1053 575 1083 et
600 1045 683 1083 sine
710 1059 857 1084 nausea
881 1047 951 1084 sed
973 1045 1119 1084 tardius
1140 1053 1298 1096 propter
1322 1046 1599 1095 aphractorum

267 1110 516 1148 Rhodiorum
547 1110 868 1149 imbecillitatem.
930 1112 991 1149 De
1023 1124 1217 1149 concursu
1247 1110 1501 1160 legationum,
1528 1109 1601 1159 pri-

265 1183 443 1213 vatorum
472 1183 509 1214 et
534 1176 584 1214 de
610 1175 831 1214 incredibili
857 1175 1110 1214 multitudine
1134 1189 1236 1225 quae
1264 1174 1360 1212 mihi
1390 1175 1467 1212 iam
1493 1173 1599 1212 Sarni

266 1241 336 1278 sed
358 1240 576 1278 mirabilem
597 1240 637 1278 in
658 1241 823 1279 modum
847 1240 994 1291 Ephesi
1022 1248 1177 1291 praesto
1200 1240 1273 1279 fuit
1296 1248 1363 1278 aut
1383 1240 1540 1278 audisse
1562 1247 1600 1277 te
1622 1252 1658 1283 15

266 1313 363 1356 puto
389 1314 455 1343 aut
477 1308 485 1324 ·'
502 1305 611 1354 Quid
640 1307 691 1344 ad
723 1320 785 1344 me
814 1306 1004 1344 attinet?'
1052 1308 1200 1344 Verum
1231 1315 1364 1345 tamen
1389 1305 1600 1344 decumani

265 1372 381 1420 quasi
397 1371 592 1409 venissem
618 1385 708 1409 cum
734 1371 909 1422 imperio,
934 1371 1074 1410 Graeci
1099 1371 1211 1422 quasi
1234 1371 1410 1422 Ephesio
1434 1370 1602 1421 praetori

267 1450 308 1474 se
341 1437 488 1474 alacres
523 1437 761 1475 obtulerunt.
827 1439 885 1474 Ex
923 1450 1003 1486 quo
1043 1445 1080 1475 te
1120 1437 1344 1487 intellegere
1379 1444 1486 1475 certo
1520 1435 1603 1474 scio

267 1502 481 1540 multorum
510 1515 705 1540 annorum
736 1501 1020 1540 ostentationes
1050 1515 1157 1540 meas
1187 1516 1293 1540 nunc
1324 1501 1363 1539 in
1390 1501 1602 1540 discrimen

267 1580 353 1605 esse
386 1567 589 1605 adductas.
650 1568 728 1605 Sed
761 1575 803 1605 ut
834 1580 962 1617 spero,
993 1574 1149 1605 utemur
1183 1580 1229 1605 ea
1260 1568 1451 1617 palaestra
1482 1579 1602 1616 quam
1624 1579 1664 1601 20

267 1646 290 1670 a
322 1639 358 1670 te
393 1631 604 1670 didicimus
644 1632 909 1682 omnibusque
948 1632 1039 1670 satis
1074 1632 1263 1670 faciemus
1294 1639 1332 1670 et
1371 1645 1419 1670 eo
1453 1631 1604 1670 facilius

268 1698 378 1747 quod
412 1697 451 1735 in
486 1705 619 1736 nostra
650 1697 851 1748 provincia
885 1699 1090 1736 confectae
1128 1705 1218 1736 sunt
1252 1697 1465 1747 pactiones.
1526 1697 1604 1735 Sed

269 1764 474 1805 hactenus,
495 1763 720 1812 praesertim
749 1777 840 1801 cum
868 1762 1025 1801 cenanti
1053 1762 1149 1800 mihi
1174 1762 1361 1801 nuntiarit
1383 1761 1539 1802 Cestius
1564 1775 1606 1799 se

271 1829 321 1867 de
342 1835 459 1866 nocte
479 1827 684 1877 proficisci.

229 1904 255 1933 2
327 1895 415 1931 Tua
449 1893 646 1943 negotiola
679 1893 828 1944 Ephesi
862 1907 977 1932 curae
1012 1893 1107 1931 mihi
1142 1895 1311 1941 fuerunt,
1337 1894 1606 1942 Thermoque,
1627 1905 1664 1937 25

273 1958 428 1998 tametsi
458 1967 549 1997 ante
582 1961 797 1998 adventum
831 1973 964 1998 meum
996 1959 1266 1997 liberalissime
1298 1966 1379 1997 erat
1408 1958 1606 2008 pollicitus

272 2025 349 2063 tuis
383 2024 578 2072 omnibus,
609 2032 741 2063 tamen
777 2025 1036 2075 Philogenem
1070 2032 1108 2063 et
1142 2024 1276 2063 Seium
1308 2024 1461 2070 tradidi,
1488 2024 1609 2073 Apol-

273 2090 520 2129 lonidensem
562 2092 773 2129 Xenonem
813 2090 1101 2128 commendavi.
1172 2089 1348 2129 Omnino
1391 2088 1525 2126 omnia
1567 2102 1608 2126 se

275 2157 468 2194 facturum
502 2155 659 2205 recepit.
722 2157 806 2204 Ego
838 2162 1037 2205 praeterea
1068 2154 1258 2193 rationem
1290 2153 1496 2204 Philogeni
1528 2167 1609 2203 per-

323 2270 337 2291 1
364 2260 406 2290 de
424 2265 515 2290 strue
533 2259 674 2289 laterum
692 2259 814 2289 Rosius
835 2259 914 2288 duce
933 2258 1124 2298 Malaspina
1143 2270 1149 2289 :
1174 2259 1330 2288 destrues
1351 2258 1494 2287 alterurn
1518 2255 1605 2287 codd.

277 2316 296 2343 4
321 2309 357 2334 tu
386 2303 417 2333 id
445 2303 562 2333 Klotz:
608 2303 688 2341 quid
719 2303 779 2332 M:
818 2302 944 2341 aliquid
970 2302 1082 2331 Aldus
1236 2311 1255 2340 5
1281 2300 1450 2339 rogaverit
1479 2299 1610 2330 Schiche

282 2358 318 2386 15
344 2348 377 2376 in
403 2347 537 2376 modum
564 2350 626 2376 Σεε
660 2356 725 2377 om.
755 2345 797 2376 M
930 2347 968 2375 16
993 2346 1061 2375 mel
1091 2350 1124 2375 te
1147 2344 1271 2375 Sclzz'itz
1345 2343 1470 2374 Verum
1496 2349 1608 2373 tamen

277 2408 327 2420 —.
358 2391 543 2420 Decumani
564 2390 709 2420 Olivctus
823 2399 859 2428 17
886 2389 980 2428 quasi
999 2388 1074 2419 add.
1098 2389 1282 2418 Gronovius
1381 2397 1422 2426 23
1448 2387 1609 2417 nuntiarit

279 2433 464 2464 Corradus:
490 2434 659 2464 nuntiaret
675 2433 716 2462 M
802 2434 844 2463 28
868 2432 1020 2463 Omnino
1038 2433 1148 2462 omnia
1165 2431 1203 2462 I:
1227 2431 1339 2462 omnia
1356 2432 1469 2461 omnia
1486 2429 1527 2459 ΛΜ
