<?xml version="1.0" encoding="UTF-8"?>
<!DOCTYPE html PUBLIC "-//W3C//DTD XHTML 1.0 Transitional//EN"
    "http://www.w3.org/TR/xhtml1/DTD/xhtml1-transitional.dtd">
<html xmlns="http://www.w3.org/1999/xhtml" xml:lang="en" lang="en">
 <head>
  <title>
</title>
<meta http-equiv="Content-Type" content="text/html;charset=utf-8" />
  <meta name='ocr-system' content='tesseract 3.04.00' />
  <meta name='ocr-capabilities' content='ocr_page ocr_carea ocr_par ocr_line ocrx_word'/>
</head>
<body>
  <div class='ocr_page' id='page_1' title='image "./p1epistulaerecog02ciceuoft_0151.png"; bbox 0 0 1773 2651; ppageno 0'>
   <div class='ocr_carea' id='block_1_1' title="bbox 582 148 1608 186">
    <p class='ocr_par' dir='ltr' id='par_1_1' title="bbox 582 148 1608 186">
     <span class='ocr_line' id='line_1_1' title="bbox 582 148 1608 186; baseline 0 -3"><span class='ocrx_word' id='word_1_1' title='bbox 582 148 693 184; x_wconf 89' lang='lat' dir='ltr'>EPP.</span> <span class='ocrx_word' id='word_1_2' title='bbox 726 148 803 184; x_wconf 84' lang='lat' dir='ltr'>AD</span> <span class='ocrx_word' id='word_1_3' title='bbox 835 148 1094 186; x_wconf 90' lang='lat' dir='ltr'>ATTICVM</span> <span class='ocrx_word' id='word_1_4' title='bbox 1455 148 1523 184; x_wconf 86' lang='lat' dir='ltr'>IV.</span> <span class='ocrx_word' id='word_1_5' title='bbox 1546 157 1608 183; x_wconf 86' lang='lat' dir='ltr'>xv</span> 
     </span>
    </p>
   </div>
   <div class='ocr_carea' id='block_1_2' title="bbox 101 255 1563 1677">
    <p class='ocr_par' dir='ltr' id='par_1_2' title="bbox 169 255 1505 438">
     <span class='ocr_line' id='line_1_2' title="bbox 169 255 1505 309; baseline 0.001 -13"><span class='ocrx_word' id='word_1_6' title='bbox 169 255 329 297; x_wconf 87' lang='lat' dir='ltr'>arbitrio</span> <span class='ocrx_word' id='word_1_7' title='bbox 365 258 528 298; x_wconf 86' lang='lat' dir='ltr'>Catonis</span> <span class='ocrx_word' id='word_1_8' title='bbox 562 259 761 309; x_wconf 89' lang='lat' dir='ltr'>petituros.</span> <span class='ocrx_word' id='word_1_9' title='bbox 824 260 943 308; x_wconf 84' lang='lat' dir='ltr'>Apud</span> <span class='ocrx_word' id='word_1_10' title='bbox 978 273 1069 297; x_wconf 93' lang='lat' dir='ltr'>eum</span> <span class='ocrx_word' id='word_1_11' title='bbox 1104 260 1174 297; x_wconf 90' lang='lat' dir='ltr'>HS</span> <span class='ocrx_word' id='word_1_12' title='bbox 1210 259 1407 309; x_wconf 75' lang='lat' dir='ltr'>quingena</span> <span class='ocrx_word' id='word_1_13' title='bbox 1441 260 1505 297; x_wconf 91' lang='lat' dir='ltr'>de-</span> 
     </span>
     <span class='ocr_line' id='line_1_3' title="bbox 169 323 1504 374; baseline 0.001 -13"><span class='ocrx_word' id='word_1_14' title='bbox 169 331 396 374; x_wconf 87' lang='lat' dir='ltr'>posuerunt,</span> <span class='ocrx_word' id='word_1_15' title='bbox 420 332 462 362; x_wconf 88' lang='lat' dir='ltr'>ut</span> <span class='ocrx_word' id='word_1_16' title='bbox 492 323 558 373; x_wconf 86' lang='lat' dir='ltr'>qui</span> <span class='ocrx_word' id='word_1_17' title='bbox 588 338 611 361; x_wconf 84' lang='lat' dir='ltr'>a</span> <span class='ocrx_word' id='word_1_18' title='bbox 641 325 794 362; x_wconf 85' lang='lat' dir='ltr'>Catone</span> <span class='ocrx_word' id='word_1_19' title='bbox 825 325 1035 362; x_wconf 88' lang='lat' dir='ltr'>damnatus</span> <span class='ocrx_word' id='word_1_20' title='bbox 1061 332 1163 362; x_wconf 86' lang='lat' dir='ltr'>esset</span> <span class='ocrx_word' id='word_1_21' title='bbox 1191 323 1230 361; x_wconf 91' lang='lat' dir='ltr'>id</span> <span class='ocrx_word' id='word_1_22' title='bbox 1261 325 1439 374; x_wconf 79' lang='lat' dir='ltr'><strong>perderet</strong></span> <span class='ocrx_word' id='word_1_23' title='bbox 1466 332 1504 362; x_wconf 90' lang='lat' dir='ltr'>et</span> 
     </span>
     <span class='ocr_line' id='line_1_4' title="bbox 169 388 758 438; baseline 0.002 -13"><span class='ocrx_word' id='word_1_24' title='bbox 169 388 493 438; x_wconf 79' lang='lat' dir='ltr'>competitoribus</span> <span class='ocrx_word' id='word_1_25' title='bbox 516 388 758 426; x_wconf 74' lang='lat' dir='ltr'>tribueretur.</span> 
     </span>
    </p>

    <p class='ocr_par' dir='ltr' id='par_1_3' title="bbox 225 453 1544 504">
     <span class='ocr_line' id='line_1_5' title="bbox 225 453 1544 504; baseline 0.003 -14"><span class='ocrx_word' id='word_1_26' title='bbox 225 455 339 491; x_wconf 89' lang='lat' dir='ltr'>Haec</span> <span class='ocrx_word' id='word_1_27' title='bbox 359 467 432 503; x_wconf 88' lang='lat' dir='ltr'>ego</span> <span class='ocrx_word' id='word_1_28' title='bbox 452 453 577 503; x_wconf 79' lang='lat' dir='ltr'>pridie</span> <span class='ocrx_word' id='word_1_29' title='bbox 593 453 813 491; x_wconf 75' lang='lat' dir='ltr'>scribebam</span> <span class='ocrx_word' id='word_1_30' title='bbox 835 468 954 503; x_wconf 86' lang='lat' dir='ltr'>quam</span> <span class='ocrx_word' id='word_1_31' title='bbox 972 454 1132 492; x_wconf 87' lang='lat' dir='ltr'>comitia</span> <span class='ocrx_word' id='word_1_32' title='bbox 1147 455 1229 492; x_wconf 90' lang='lat' dir='ltr'>fore</span> <span class='ocrx_word' id='word_1_33' title='bbox 1250 454 1498 504; x_wconf 89' lang='lat' dir='ltr'>putabantur.</span> <span class='ocrx_word' id='word_1_34' title='bbox 1521 458 1544 494; x_wconf 95' lang='lat'>8</span> 
     </span>
    </p>

    <p class='ocr_par' dir='ltr' id='par_1_4' title="bbox 129 517 1549 827">
     <span class='ocr_line' id='line_1_6' title="bbox 129 517 1501 566; baseline -0.001 -10"><span class='ocrx_word' id='word_1_35' title='bbox 129 534 146 565; x_wconf 86' lang='lat'>5</span> <span class='ocrx_word' id='word_1_36' title='bbox 169 519 246 556; x_wconf 88' lang='lat' dir='ltr'>Sed</span> <span class='ocrx_word' id='word_1_37' title='bbox 274 519 324 556; x_wconf 87' lang='lat' dir='ltr'>ad</span> <span class='ocrx_word' id='word_1_38' title='bbox 355 525 402 563; x_wconf 91' lang='lat' dir='ltr'>te,</span> <span class='ocrx_word' id='word_1_39' title='bbox 427 517 565 566; x_wconf 86' lang='lat' dir='ltr'>quinto</span> <span class='ocrx_word' id='word_1_40' title='bbox 598 519 685 555; x_wconf 74' lang='lat' dir='ltr'>Ral.</span> <span class='ocrx_word' id='word_1_41' title='bbox 710 518 839 556; x_wconf 79' lang='lat' dir='ltr'>Sextil.</span> <span class='ocrx_word' id='word_1_42' title='bbox 874 518 904 555; x_wconf 86' lang='lat' dir='ltr'>si</span> <span class='ocrx_word' id='word_1_43' title='bbox 936 520 1037 556; x_wconf 83' lang='lat' dir='ltr'>facta</span> <span class='ocrx_word' id='word_1_44' title='bbox 1067 526 1179 556; x_wconf 91' lang='lat' dir='ltr'>erunt</span> <span class='ocrx_word' id='word_1_45' title='bbox 1210 526 1247 556; x_wconf 92' lang='lat' dir='ltr'>et</span> <span class='ocrx_word' id='word_1_46' title='bbox 1278 518 1501 556; x_wconf 88' lang='lat' dir='ltr'>tabellarius</span> 
     </span>
     <span class='ocr_line' id='line_1_7' title="bbox 168 583 1501 633; baseline -0.001 -12"><span class='ocrx_word' id='word_1_47' title='bbox 168 597 248 621; x_wconf 90' lang='lat' dir='ltr'>non</span> <span class='ocrx_word' id='word_1_48' title='bbox 280 583 351 621; x_wconf 90' lang='lat' dir='ltr'>erit</span> <span class='ocrx_word' id='word_1_49' title='bbox 382 583 590 633; x_wconf 86' lang='lat' dir='ltr'>profectus,</span> <span class='ocrx_word' id='word_1_50' title='bbox 625 590 705 620; x_wconf 85' lang='lat' dir='ltr'>tota</span> <span class='ocrx_word' id='word_1_51' title='bbox 735 583 896 620; x_wconf 82' lang='lat' dir='ltr'>comitia</span> <span class='ocrx_word' id='word_1_52' title='bbox 928 583 1177 633; x_wconf 78' lang='lat' dir='ltr'>perscribam.</span> <span class='ocrx_word' id='word_1_53' title='bbox 1240 584 1353 631; x_wconf 86' lang='lat' dir='ltr'>Quae</span> <span class='ocrx_word' id='word_1_54' title='bbox 1385 583 1427 629; x_wconf 88' lang='lat' dir='ltr'>si,</span> <span class='ocrx_word' id='word_1_55' title='bbox 1460 590 1501 620; x_wconf 91' lang='lat' dir='ltr'>ut</span> 
     </span>
     <span class='ocr_line' id='line_1_8' title="bbox 167 647 1499 698; baseline -0.001 -12"><span class='ocrx_word' id='word_1_56' title='bbox 167 656 363 698; x_wconf 82' lang='lat' dir='ltr'>putantur,</span> <span class='ocrx_word' id='word_1_57' title='bbox 399 647 565 697; x_wconf 88' lang='lat' dir='ltr'>gratuita</span> <span class='ocrx_word' id='word_1_58' title='bbox 596 647 748 693; x_wconf 82' lang='lat' dir='ltr'>fuerint,</span> <span class='ocrx_word' id='word_1_59' title='bbox 786 649 873 697; x_wconf 90' lang='lat' dir='ltr'>plus</span> <span class='ocrx_word' id='word_1_60' title='bbox 906 662 1007 686; x_wconf 89' lang='lat' dir='ltr'>unus</span> <span class='ocrx_word' id='word_1_61' title='bbox 1041 650 1141 686; x_wconf 87' lang='lat' dir='ltr'>Cato</span> <span class='ocrx_word' id='word_1_62' title='bbox 1180 647 1350 698; x_wconf 89' lang='lat' dir='ltr'>potuerit</span> <span class='ocrx_word' id='word_1_63' title='bbox 1381 661 1499 697; x_wconf 86' lang='lat' dir='ltr'>quam</span> 
     </span>
     <span class='ocr_line' id='line_1_9' title="bbox 165 712 1549 762; baseline 0.001 -13"><span class='ocrx_word' id='word_1_64' title='bbox 165 726 291 750; x_wconf 75' lang='lat' dir='ltr'>omnes</span> <span class='ocrx_word' id='word_1_65' title='bbox 322 715 421 761; x_wconf 77' lang='lat' dir='ltr'>leges</span> <span class='ocrx_word' id='word_1_66' title='bbox 455 726 673 762; x_wconf 83' lang='lat' dir='ltr'>omnesque</span> <span class='ocrx_word' id='word_1_67' title='bbox 712 712 873 751; x_wconf 88' lang='lat' dir='ltr'>iudices.</span> <span class='ocrx_word' id='word_1_68' title='bbox 949 713 1119 751; x_wconf 87' lang='lat' dir='ltr'>Messius</span> <span class='ocrx_word' id='word_1_69' title='bbox 1159 713 1446 751; x_wconf 79' lang='lat' dir='ltr'>defendebatur</span> <span class='ocrx_word' id='word_1_70' title='bbox 1479 727 1501 750; x_wconf 91' lang='lat' dir='ltr'>a</span> <span class='ocrx_word' id='word_1_71' title='bbox 1521 721 1549 757; x_wconf 89' lang='lat'><strong>9</strong></span> 
     </span>
     <span class='ocr_line' id='line_1_10' title="bbox 166 777 1501 827; baseline -0.001 -12"><span class='ocrx_word' id='word_1_72' title='bbox 166 777 281 816; x_wconf 87' lang='lat' dir='ltr'>nobis</span> <span class='ocrx_word' id='word_1_73' title='bbox 316 779 366 816; x_wconf 88' lang='lat' dir='ltr'>de</span> <span class='ocrx_word' id='word_1_74' title='bbox 405 777 599 827; x_wconf 80' lang='lat' dir='ltr'>legatione</span> <span class='ocrx_word' id='word_1_75' title='bbox 634 786 838 816; x_wconf 84' lang='lat' dir='ltr'>revocatus</span> <span class='ocrx_word' id='word_1_76' title='bbox 854 793 864 825; x_wconf 76' lang='lat'><em>3</em></span> <span class='ocrx_word' id='word_1_77' title='bbox 904 792 996 816; x_wconf 90' lang='lat' dir='ltr'>nam</span> <span class='ocrx_word' id='word_1_78' title='bbox 1037 792 1127 816; x_wconf 89' lang='lat' dir='ltr'>eum</span> <span class='ocrx_word' id='word_1_79' title='bbox 1162 777 1317 817; x_wconf 80' lang='lat' dir='ltr'>Caesari</span> <span class='ocrx_word' id='word_1_80' title='bbox 1357 779 1501 827; x_wconf 88' lang='lat' dir='ltr'>legarat</span> 
     </span>
    </p>

    <p class='ocr_par' dir='ltr' id='par_1_5' title="bbox 108 842 1501 1154">
     <span class='ocr_line' id='line_1_11' title="bbox 108 842 1501 893; baseline 0 -13"><span class='ocrx_word' id='word_1_81' title='bbox 108 857 146 880; x_wconf 92' lang='lat'>10</span> <span class='ocrx_word' id='word_1_82' title='bbox 166 843 330 893; x_wconf 89' lang='lat' dir='ltr'>Appius.</span> <span class='ocrx_word' id='word_1_83' title='bbox 391 842 574 881; x_wconf 86' lang='lat' dir='ltr'>Servilius</span> <span class='ocrx_word' id='word_1_84' title='bbox 596 843 716 881; x_wconf 85' lang='lat' dir='ltr'>edixit</span> <span class='ocrx_word' id='word_1_85' title='bbox 737 851 779 881; x_wconf 91' lang='lat' dir='ltr'>ut</span> <span class='ocrx_word' id='word_1_86' title='bbox 800 845 965 881; x_wconf 82' lang='lat' dir='ltr'>adesset.</span> <span class='ocrx_word' id='word_1_87' title='bbox 1022 843 1166 881; x_wconf 89' lang='lat' dir='ltr'>Tribus</span> <span class='ocrx_word' id='word_1_88' title='bbox 1188 843 1307 881; x_wconf 90' lang='lat' dir='ltr'>habet</span> <span class='ocrx_word' id='word_1_89' title='bbox 1329 842 1501 893; x_wconf 88' lang='lat' dir='ltr'>Pompti-</span> 
     </span>
     <span class='ocr_line' id='line_1_12' title="bbox 165 908 1498 959; baseline 0 -13"><span class='ocrx_word' id='word_1_90' title='bbox 165 922 268 954; x_wconf 88' lang='lat' dir='ltr'>nam,</span> <span class='ocrx_word' id='word_1_91' title='bbox 293 908 486 954; x_wconf 86' lang='lat' dir='ltr'>Velinam,</span> <span class='ocrx_word' id='word_1_92' title='bbox 513 908 721 946; x_wconf 82' lang='lat' dir='ltr'>Maeciam.</span> <span class='ocrx_word' id='word_1_93' title='bbox 782 911 982 959; x_wconf 81' lang='lat' dir='ltr'>Pugnatur</span> <span class='ocrx_word' id='word_1_94' title='bbox 1011 908 1173 956; x_wconf 66' lang='lat' dir='ltr'>acriter,</span> <span class='ocrx_word' id='word_1_95' title='bbox 1212 908 1337 958; x_wconf 85' lang='lat' dir='ltr'>agitur</span> <span class='ocrx_word' id='word_1_96' title='bbox 1367 915 1498 946; x_wconf 87' lang='lat' dir='ltr'>tamen</span> 
     </span>
     <span class='ocr_line' id='line_1_13' title="bbox 164 973 1496 1023; baseline -0.002 -11"><span class='ocrx_word' id='word_1_97' title='bbox 164 973 267 1012; x_wconf 86' lang='lat' dir='ltr'>satis.</span> <span class='ocrx_word' id='word_1_98' title='bbox 328 973 486 1012; x_wconf 89' lang='lat' dir='ltr'>Deinde</span> <span class='ocrx_word' id='word_1_99' title='bbox 517 987 580 1012; x_wconf 89' lang='lat' dir='ltr'>me</span> <span class='ocrx_word' id='word_1_100' title='bbox 610 973 778 1023; x_wconf 73' lang='lat' dir='ltr'>expedio</span> <span class='ocrx_word' id='word_1_101' title='bbox 807 975 858 1012; x_wconf 87' lang='lat' dir='ltr'>ad</span> <span class='ocrx_word' id='word_1_102' title='bbox 891 976 1076 1019; x_wconf 88' lang='lat' dir='ltr'>Drusum,</span> <span class='ocrx_word' id='word_1_103' title='bbox 1101 973 1194 1011; x_wconf 91' lang='lat' dir='ltr'>inde</span> <span class='ocrx_word' id='word_1_104' title='bbox 1217 974 1268 1011; x_wconf 87' lang='lat' dir='ltr'>ad</span> <span class='ocrx_word' id='word_1_105' title='bbox 1296 974 1496 1011; x_wconf 82' lang='lat' dir='ltr'>Scaurum.</span> 
     </span>
     <span class='ocr_line' id='line_1_14' title="bbox 165 1038 1500 1089; baseline 0 -13"><span class='ocrx_word' id='word_1_106' title='bbox 165 1041 354 1077; x_wconf 89' lang='lat' dir='ltr'>Parantur</span> <span class='ocrx_word' id='word_1_107' title='bbox 392 1038 635 1076; x_wconf 87' lang='lat' dir='ltr'>orationibus</span> <span class='ocrx_word' id='word_1_108' title='bbox 675 1038 825 1077; x_wconf 86' lang='lat' dir='ltr'>indices</span> <span class='ocrx_word' id='word_1_109' title='bbox 864 1038 1032 1089; x_wconf 83' lang='lat' dir='ltr'>gloriosi.</span> <span class='ocrx_word' id='word_1_110' title='bbox 1095 1040 1274 1076; x_wconf 85' lang='lat' dir='ltr'>Fortasse</span> <span class='ocrx_word' id='word_1_111' title='bbox 1308 1039 1500 1076; x_wconf 87' lang='lat' dir='ltr'>accedent</span> 
     </span>
     <span class='ocr_line' id='line_1_15' title="bbox 163 1103 1495 1154; baseline 0 -13"><span class='ocrx_word' id='word_1_112' title='bbox 163 1104 281 1142; x_wconf 88' lang='lat' dir='ltr'>etiam</span> <span class='ocrx_word' id='word_1_113' title='bbox 303 1105 485 1142; x_wconf 86' lang='lat' dir='ltr'>consules</span> <span class='ocrx_word' id='word_1_114' title='bbox 510 1103 714 1153; x_wconf 89' lang='lat' dir='ltr'>designati.</span> <span class='ocrx_word' id='word_1_115' title='bbox 776 1105 823 1141; x_wconf 90' lang='lat' dir='ltr'>In</span> <span class='ocrx_word' id='word_1_116' title='bbox 845 1103 988 1154; x_wconf 83' lang='lat' dir='ltr'>quibus</span> <span class='ocrx_word' id='word_1_117' title='bbox 1016 1103 1047 1142; x_wconf 89' lang='lat' dir='ltr'>si</span> <span class='ocrx_word' id='word_1_118' title='bbox 1069 1105 1236 1142; x_wconf 87' lang='lat' dir='ltr'>Scaurus</span> <span class='ocrx_word' id='word_1_119' title='bbox 1264 1117 1344 1141; x_wconf 89' lang='lat' dir='ltr'>non</span> <span class='ocrx_word' id='word_1_120' title='bbox 1372 1103 1495 1149; x_wconf 86' lang='lat' dir='ltr'>fuerit,</span> 
     </span>
    </p>

    <p class='ocr_par' dir='ltr' id='par_1_6' title="bbox 105 1168 827 1215">
     <span class='ocr_line' id='line_1_16' title="bbox 105 1168 827 1215; baseline 0.001 -10"><span class='ocrx_word' id='word_1_121' title='bbox 105 1183 142 1215; x_wconf 84' lang='lat'>15</span> <span class='ocrx_word' id='word_1_122' title='bbox 163 1168 202 1206; x_wconf 89' lang='lat' dir='ltr'>in</span> <span class='ocrx_word' id='word_1_123' title='bbox 224 1170 300 1207; x_wconf 85' lang='lat' dir='ltr'>hoc</span> <span class='ocrx_word' id='word_1_124' title='bbox 321 1168 468 1207; x_wconf 89' lang='lat' dir='ltr'>iudicio</span> <span class='ocrx_word' id='word_1_125' title='bbox 489 1170 602 1206; x_wconf 87' lang='lat' dir='ltr'>valde</span> <span class='ocrx_word' id='word_1_126' title='bbox 623 1169 827 1207; x_wconf 88' lang='lat' dir='ltr'>laborabit.</span> 
     </span>
    </p>

    <p class='ocr_par' dir='ltr' id='par_1_7' title="bbox 160 1233 1563 1478">
     <span class='ocr_line' id='line_1_17' title="bbox 218 1233 1563 1284; baseline 0.002 -13"><span class='ocrx_word' id='word_1_127' title='bbox 218 1236 276 1272; x_wconf 85' lang='lat' dir='ltr'>Ex</span> <span class='ocrx_word' id='word_1_128' title='bbox 322 1233 461 1282; x_wconf 84' lang='lat' dir='ltr'>Quinti</span> <span class='ocrx_word' id='word_1_129' title='bbox 508 1233 632 1271; x_wconf 87' lang='lat' dir='ltr'>fratris</span> <span class='ocrx_word' id='word_1_130' title='bbox 675 1234 810 1272; x_wconf 90' lang='lat' dir='ltr'>litteris</span> <span class='ocrx_word' id='word_1_131' title='bbox 855 1234 1032 1284; x_wconf 90' lang='lat' dir='ltr'>suspicor</span> <span class='ocrx_word' id='word_1_132' title='bbox 1077 1233 1154 1271; x_wconf 85' lang='lat' dir='ltr'>iam</span> <span class='ocrx_word' id='word_1_133' title='bbox 1193 1247 1283 1272; x_wconf 89' lang='lat' dir='ltr'>eum</span> <span class='ocrx_word' id='word_1_134' title='bbox 1327 1247 1411 1272; x_wconf 87' lang='lat' dir='ltr'>esse</span> <span class='ocrx_word' id='word_1_135' title='bbox 1457 1233 1496 1271; x_wconf 88' lang='lat' dir='ltr'>in</span> <span class='ocrx_word' id='word_1_136' title='bbox 1517 1246 1563 1274; x_wconf 93' lang='lat'>10</span> 
     </span>
     <span class='ocr_line' id='line_1_18' title="bbox 163 1299 1496 1349; baseline -0.001 -12"><span class='ocrx_word' id='word_1_137' title='bbox 163 1299 375 1338; x_wconf 89' lang='lat' dir='ltr'>Britannia.</span> <span class='ocrx_word' id='word_1_138' title='bbox 436 1301 636 1349; x_wconf 88' lang='lat' dir='ltr'>Suspenso</span> <span class='ocrx_word' id='word_1_139' title='bbox 658 1300 791 1337; x_wconf 89' lang='lat' dir='ltr'>animo</span> <span class='ocrx_word' id='word_1_140' title='bbox 812 1308 997 1349; x_wconf 78' lang='lat' dir='ltr'>exspecto</span> <span class='ocrx_word' id='word_1_141' title='bbox 1019 1299 1114 1349; x_wconf 86' lang='lat' dir='ltr'>quid</span> <span class='ocrx_word' id='word_1_142' title='bbox 1134 1307 1232 1349; x_wconf 87' lang='lat' dir='ltr'>agat.</span> <span class='ocrx_word' id='word_1_143' title='bbox 1290 1300 1394 1337; x_wconf 88' lang='lat' dir='ltr'>Illud</span> <span class='ocrx_word' id='word_1_144' title='bbox 1416 1299 1496 1349; x_wconf 88' lang='lat' dir='ltr'>qui-</span> 
     </span>
     <span class='ocr_line' id='line_1_19' title="bbox 161 1364 1494 1415; baseline -0.002 -11"><span class='ocrx_word' id='word_1_145' title='bbox 161 1366 253 1404; x_wconf 89' lang='lat' dir='ltr'>dem</span> <span class='ocrx_word' id='word_1_146' title='bbox 275 1379 410 1403; x_wconf 86' lang='lat' dir='ltr'>sumus</span> <span class='ocrx_word' id='word_1_147' title='bbox 430 1365 575 1415; x_wconf 84' lang='lat' dir='ltr'>adepti,</span> <span class='ocrx_word' id='word_1_148' title='bbox 594 1367 702 1415; x_wconf 84' lang='lat' dir='ltr'>quod</span> <span class='ocrx_word' id='word_1_149' title='bbox 725 1365 857 1403; x_wconf 87' lang='lat' dir='ltr'>multis</span> <span class='ocrx_word' id='word_1_150' title='bbox 878 1374 916 1403; x_wconf 89' lang='lat' dir='ltr'>et</span> <span class='ocrx_word' id='word_1_151' title='bbox 937 1364 1088 1415; x_wconf 86' lang='lat' dir='ltr'>magnis</span> <span class='ocrx_word' id='word_1_152' title='bbox 1109 1364 1264 1403; x_wconf 88' lang='lat' dir='ltr'>indiciis</span> <span class='ocrx_word' id='word_1_153' title='bbox 1285 1378 1494 1414; x_wconf 84' lang='lat' dir='ltr'>possumus</span> 
     </span>
     <span class='ocr_line' id='line_1_20' title="bbox 160 1429 1491 1478; baseline -0.002 -9"><span class='ocrx_word' id='word_1_154' title='bbox 160 1431 343 1478; x_wconf 89' lang='lat' dir='ltr'>iudicare,</span> <span class='ocrx_word' id='word_1_155' title='bbox 377 1445 449 1470; x_wconf 87' lang='lat' dir='ltr'>nos</span> <span class='ocrx_word' id='word_1_156' title='bbox 481 1431 639 1471; x_wconf 87' lang='lat' dir='ltr'>Caesari</span> <span class='ocrx_word' id='word_1_157' title='bbox 669 1439 707 1468; x_wconf 90' lang='lat' dir='ltr'>et</span> <span class='ocrx_word' id='word_1_158' title='bbox 738 1430 959 1468; x_wconf 82' lang='lat' dir='ltr'>carissimos</span> <span class='ocrx_word' id='word_1_159' title='bbox 994 1437 1032 1468; x_wconf 90' lang='lat' dir='ltr'>et</span> <span class='ocrx_word' id='word_1_160' title='bbox 1060 1429 1364 1468; x_wconf 88' lang='lat' dir='ltr'>iucundissimos</span> <span class='ocrx_word' id='word_1_161' title='bbox 1396 1443 1491 1468; x_wconf 88' lang='lat' dir='ltr'>esse.</span> 
     </span>
    </p>

    <p class='ocr_par' dir='ltr' id='par_1_8' title="bbox 101 1495 1493 1677">
     <span class='ocr_line' id='line_1_21' title="bbox 101 1495 1493 1546; baseline -0.002 -11"><span class='ocrx_word' id='word_1_162' title='bbox 101 1509 140 1531; x_wconf 89' lang='lat'>20</span> <span class='ocrx_word' id='word_1_163' title='bbox 162 1496 398 1546; x_wconf 89' lang='lat' dir='ltr'>Dionysium</span> <span class='ocrx_word' id='word_1_164' title='bbox 420 1496 537 1534; x_wconf 88' lang='lat' dir='ltr'>velim</span> <span class='ocrx_word' id='word_1_165' title='bbox 567 1498 712 1534; x_wconf 83' lang='lat' dir='ltr'>salvere</span> <span class='ocrx_word' id='word_1_166' title='bbox 741 1495 876 1534; x_wconf 89' lang='lat' dir='ltr'>iubeas</span> <span class='ocrx_word' id='word_1_167' title='bbox 898 1503 936 1533; x_wconf 91' lang='lat' dir='ltr'>et</span> <span class='ocrx_word' id='word_1_168' title='bbox 960 1508 1051 1533; x_wconf 86' lang='lat' dir='ltr'>eum</span> <span class='ocrx_word' id='word_1_169' title='bbox 1078 1508 1189 1544; x_wconf 87' lang='lat' dir='ltr'>roges</span> <span class='ocrx_word' id='word_1_170' title='bbox 1211 1502 1249 1533; x_wconf 89' lang='lat' dir='ltr'>et</span> <span class='ocrx_word' id='word_1_171' title='bbox 1269 1496 1422 1532; x_wconf 88' lang='lat' dir='ltr'>hortere</span> <span class='ocrx_word' id='word_1_172' title='bbox 1452 1502 1493 1532; x_wconf 89' lang='lat' dir='ltr'>ut</span> 
     </span>
     <span class='ocr_line' id='line_1_22' title="bbox 159 1559 1493 1612; baseline -0.001 -13"><span class='ocrx_word' id='word_1_173' title='bbox 159 1575 277 1611; x_wconf 85' lang='lat' dir='ltr'>quam</span> <span class='ocrx_word' id='word_1_174' title='bbox 313 1561 482 1612; x_wconf 88' lang='lat' dir='ltr'>primum</span> <span class='ocrx_word' id='word_1_175' title='bbox 519 1561 659 1608; x_wconf 88' lang='lat' dir='ltr'>veniat,</span> <span class='ocrx_word' id='word_1_176' title='bbox 698 1568 739 1599; x_wconf 90' lang='lat' dir='ltr'>ut</span> <span class='ocrx_word' id='word_1_177' title='bbox 773 1560 896 1610; x_wconf 91' lang='lat' dir='ltr'>possit</span> <span class='ocrx_word' id='word_1_178' title='bbox 929 1559 1164 1599; x_wconf 90' lang='lat' dir='ltr'>Ciceronem</span> <span class='ocrx_word' id='word_1_179' title='bbox 1203 1572 1336 1598; x_wconf 88' lang='lat' dir='ltr'>meum</span> <span class='ocrx_word' id='word_1_180' title='bbox 1374 1567 1493 1610; x_wconf 87' lang='lat' dir='ltr'>atque</span> 
     </span>
     <span class='ocr_line' id='line_1_23' title="bbox 158 1626 723 1677; baseline -0.002 -12"><span class='ocrx_word' id='word_1_181' title='bbox 158 1627 277 1666; x_wconf 89' lang='lat' dir='ltr'>etiam</span> <span class='ocrx_word' id='word_1_182' title='bbox 308 1641 370 1665; x_wconf 90' lang='lat' dir='ltr'>me</span> <span class='ocrx_word' id='word_1_183' title='bbox 401 1627 529 1677; x_wconf 90' lang='lat' dir='ltr'>ipsum</span> <span class='ocrx_word' id='word_1_184' title='bbox 561 1626 723 1665; x_wconf 90' lang='lat' dir='ltr'>erudire.</span> 
     </span>
    </p>
   </div>
   <div class='ocr_carea' id='block_1_3' title="bbox 201 1757 1315 1874">
    <p class='ocr_par' dir='ltr' id='par_1_9' title="bbox 201 1757 1315 1874">
     <span class='ocr_line' id='line_1_24' title="bbox 201 1757 1315 1800; baseline -0.002 -8"><span class='ocrx_word' id='word_1_185' title='bbox 201 1757 311 1792; x_wconf 84' lang='lat' dir='ltr'>XVI</span> <span class='ocrx_word' id='word_1_186' title='bbox 356 1760 425 1792; x_wconf 71' lang='lat' dir='ltr'>Ser.</span> <span class='ocrx_word' id='word_1_187' title='bbox 447 1761 578 1792; x_wconf 78' lang='lat' dir='ltr'>Romae</span> <span class='ocrx_word' id='word_1_188' title='bbox 592 1772 637 1791; x_wconf 76' lang='lat' dir='ltr'>ex.</span> <span class='ocrx_word' id='word_1_189' title='bbox 658 1772 702 1792; x_wconf 83' lang='lat' dir='ltr'>m.</span> <span class='ocrx_word' id='word_1_190' title='bbox 725 1760 800 1792; x_wconf 83' lang='lat' dir='ltr'><em>Iun.</em></span> <span class='ocrx_word' id='word_1_191' title='bbox 821 1761 940 1791; x_wconf 76' lang='lat' dir='ltr'>autin.</span> <span class='ocrx_word' id='word_1_192' title='bbox 963 1760 1078 1800; x_wconf 78' lang='lat' dir='ltr'>Quint.</span> <span class='ocrx_word' id='word_1_193' title='bbox 1097 1770 1127 1791; x_wconf 84' lang='lat' dir='ltr'>a.</span> <span class='ocrx_word' id='word_1_194' title='bbox 1147 1767 1206 1798; x_wconf 89' lang='lat'>700</span> <span class='ocrx_word' id='word_1_195' title='bbox 1223 1758 1315 1800; x_wconf 81' lang='lat'><em>(54).</em></span> 
     </span>
     <span class='ocr_line' id='line_1_25' title="bbox 572 1843 1069 1874; baseline -0.002 0"><span class='ocrx_word' id='word_1_196' title='bbox 572 1843 746 1874; x_wconf 86' lang='lat' dir='ltr'>CICERO</span> <span class='ocrx_word' id='word_1_197' title='bbox 772 1843 946 1874; x_wconf 86' lang='lat' dir='ltr'>ATTICO</span> <span class='ocrx_word' id='word_1_198' title='bbox 973 1843 1069 1873; x_wconf 83' lang='lat' dir='ltr'><strong>SAL.</strong></span> 
     </span>
    </p>
   </div>
   <div class='ocr_carea' id='block_1_4' title="bbox 97 1924 1527 2235">
    <p class='ocr_par' dir='ltr' id='par_1_10' title="bbox 97 1924 1527 2235">
     <span class='ocr_line' id='line_1_26' title="bbox 97 1924 1527 1976; baseline -0.002 -11"><span class='ocrx_word' id='word_1_199' title='bbox 97 1937 135 1969; x_wconf 84' lang='lat'>25</span> <span class='ocrx_word' id='word_1_200' title='bbox 211 1926 531 1976; x_wconf 87' lang='lat' dir='ltr'>Occupationum</span> <span class='ocrx_word' id='word_1_201' title='bbox 554 1941 728 1965; x_wconf 89' lang='lat' dir='ltr'>mearum</span> <span class='ocrx_word' id='word_1_202' title='bbox 750 1928 810 1965; x_wconf 88' lang='lat' dir='ltr'>vel</span> <span class='ocrx_word' id='word_1_203' title='bbox 827 1927 903 1965; x_wconf 93' lang='lat' dir='ltr'>hoc</span> <span class='ocrx_word' id='word_1_204' title='bbox 925 1926 1080 1976; x_wconf 86' lang='lat' dir='ltr'>signum</span> <span class='ocrx_word' id='word_1_205' title='bbox 1101 1925 1172 1964; x_wconf 90' lang='lat' dir='ltr'>erit</span> <span class='ocrx_word' id='word_1_206' title='bbox 1193 1925 1301 1975; x_wconf 87' lang='lat' dir='ltr'>quod</span> <span class='ocrx_word' id='word_1_207' title='bbox 1322 1924 1488 1975; x_wconf 88' lang='lat' dir='ltr'>epistula</span> <span class='ocrx_word' id='word_1_208' title='bbox 1509 1935 1527 1962; x_wconf 95' lang='lat'>1</span> 
     </span>
     <span class='ocr_line' id='line_1_27' title="bbox 155 1989 1483 2042; baseline -0.002 -12"><span class='ocrx_word' id='word_1_209' title='bbox 155 1991 284 2030; x_wconf 87' lang='lat' dir='ltr'>librari</span> <span class='ocrx_word' id='word_1_210' title='bbox 306 2006 424 2030; x_wconf 90' lang='lat' dir='ltr'>manu</span> <span class='ocrx_word' id='word_1_211' title='bbox 446 1999 513 2030; x_wconf 88' lang='lat' dir='ltr'>est.</span> <span class='ocrx_word' id='word_1_212' title='bbox 567 1994 628 2030; x_wconf 92' lang='lat' dir='ltr'>De</span> <span class='ocrx_word' id='word_1_213' title='bbox 649 1991 902 2042; x_wconf 90' lang='lat' dir='ltr'>epistularum</span> <span class='ocrx_word' id='word_1_214' title='bbox 919 1990 1138 2040; x_wconf 86' lang='lat' dir='ltr'>frequentia</span> <span class='ocrx_word' id='word_1_215' title='bbox 1159 1997 1196 2028; x_wconf 91' lang='lat' dir='ltr'>te</span> <span class='ocrx_word' id='word_1_216' title='bbox 1213 1989 1309 2027; x_wconf 90' lang='lat' dir='ltr'>nihil</span> <span class='ocrx_word' id='word_1_217' title='bbox 1329 2002 1483 2036; x_wconf 87' lang='lat' dir='ltr'>accuso,</span> 
     </span>
     <span class='ocr_line' id='line_1_28' title="bbox 155 2054 1485 2107; baseline -0.002 -12"><span class='ocrx_word' id='word_1_218' title='bbox 155 2058 224 2095; x_wconf 91' lang='lat' dir='ltr'>sed</span> <span class='ocrx_word' id='word_1_219' title='bbox 245 2058 454 2107; x_wconf 88' lang='lat' dir='ltr'>pleraeque</span> <span class='ocrx_word' id='word_1_220' title='bbox 482 2064 634 2095; x_wconf 90' lang='lat' dir='ltr'>tanturn</span> <span class='ocrx_word' id='word_1_221' title='bbox 663 2058 784 2095; x_wconf 88' lang='lat' dir='ltr'>modo</span> <span class='ocrx_word' id='word_1_222' title='bbox 812 2056 908 2094; x_wconf 88' lang='lat' dir='ltr'>mihi</span> <span class='ocrx_word' id='word_1_223' title='bbox 935 2055 1171 2094; x_wconf 85' lang='lat' dir='ltr'>nuntiabant</span> <span class='ocrx_word' id='word_1_224' title='bbox 1192 2054 1260 2093; x_wconf 93' lang='lat' dir='ltr'>ubi</span> <span class='ocrx_word' id='word_1_225' title='bbox 1287 2068 1402 2101; x_wconf 87' lang='lat' dir='ltr'>esses,</span> <span class='ocrx_word' id='word_1_226' title='bbox 1426 2057 1485 2093; x_wconf 90' lang='lat' dir='ltr'>vel</span> 
     </span>
     <span class='ocr_line' id='line_1_29' title="bbox 154 2119 1485 2171; baseline -0.001 -13"><span class='ocrx_word' id='word_1_227' title='bbox 154 2121 272 2159; x_wconf 87' lang='lat' dir='ltr'>etiarn</span> <span class='ocrx_word' id='word_1_228' title='bbox 299 2121 572 2171; x_wconf 85' lang='lat' dir='ltr'>significabant</span> <span class='ocrx_word' id='word_1_229' title='bbox 599 2129 703 2159; x_wconf 91' lang='lat' dir='ltr'>recte</span> <span class='ocrx_word' id='word_1_230' title='bbox 730 2135 824 2167; x_wconf 90' lang='lat' dir='ltr'>esse,</span> <span class='ocrx_word' id='word_1_231' title='bbox 849 2122 956 2170; x_wconf 85' lang='lat' dir='ltr'>quod</span> <span class='ocrx_word' id='word_1_232' title='bbox 985 2127 1093 2158; x_wconf 90' lang='lat' dir='ltr'>erant</span> <span class='ocrx_word' id='word_1_233' title='bbox 1120 2121 1190 2158; x_wconf 89' lang='lat' dir='ltr'>abs</span> <span class='ocrx_word' id='word_1_234' title='bbox 1218 2127 1266 2158; x_wconf 89' lang='lat' dir='ltr'>te.</span> <span class='ocrx_word' id='word_1_235' title='bbox 1326 2120 1419 2168; x_wconf 85' lang='lat' dir='ltr'>Quo</span> <span class='ocrx_word' id='word_1_236' title='bbox 1446 2119 1485 2157; x_wconf 87' lang='lat' dir='ltr'>in</span> 
     </span>
     <span class='ocr_line' id='line_1_30' title="bbox 153 2185 1484 2235; baseline 0 -12"><span class='ocrx_word' id='word_1_237' title='bbox 153 2199 294 2235; x_wconf 89' lang='lat' dir='ltr'>genere</span> <span class='ocrx_word' id='word_1_238' title='bbox 324 2186 492 2224; x_wconf 73' lang='lat' dir='ltr'>maxime</span> <span class='ocrx_word' id='word_1_239' title='bbox 522 2187 766 2224; x_wconf 87' lang='lat' dir='ltr'>delectarunt</span> <span class='ocrx_word' id='word_1_240' title='bbox 796 2187 897 2224; x_wconf 89' lang='lat' dir='ltr'>duae</span> <span class='ocrx_word' id='word_1_241' title='bbox 929 2187 1007 2223; x_wconf 91' lang='lat' dir='ltr'>fere</span> <span class='ocrx_word' id='word_1_242' title='bbox 1034 2187 1176 2224; x_wconf 90' lang='lat' dir='ltr'>eodem</span> <span class='ocrx_word' id='word_1_243' title='bbox 1208 2192 1384 2234; x_wconf 89' lang='lat' dir='ltr'>tempore</span> <span class='ocrx_word' id='word_1_244' title='bbox 1413 2185 1484 2223; x_wconf 86' lang='lat' dir='ltr'>abs</span> 
     </span>
    </p>
   </div>
   <div class='ocr_carea' id='block_1_5' title="bbox 154 2277 1483 2405">
    <p class='ocr_par' dir='ltr' id='par_1_11' title="bbox 154 2277 1483 2405">
     <span class='ocr_line' id='line_1_31' title="bbox 197 2277 1483 2318; baseline 0 -9"><span class='ocrx_word' id='word_1_245' title='bbox 197 2291 216 2318; x_wconf 82' lang='lat'><strong>4</strong></span> <span class='ocrx_word' id='word_1_246' title='bbox 242 2279 314 2309; x_wconf 88' lang='lat' dir='ltr'>fore</span> <span class='ocrx_word' id='word_1_247' title='bbox 332 2279 466 2309; x_wconf 81' lang='lat' dir='ltr'>Baiter:</span> <span class='ocrx_word' id='word_1_248' title='bbox 504 2279 536 2308; x_wconf 87' lang='lat' dir='ltr'>in</span> <span class='ocrx_word' id='word_1_249' title='bbox 556 2279 626 2309; x_wconf 84' lang='lat' dir='ltr'>fore</span> <span class='ocrx_word' id='word_1_250' title='bbox 645 2278 705 2308; x_wconf 81' lang='lat' dir='ltr'>M:</span> <span class='ocrx_word' id='word_1_251' title='bbox 740 2280 771 2309; x_wconf 91' lang='lat' dir='ltr'>in</span> <span class='ocrx_word' id='word_1_252' title='bbox 802 2279 874 2309; x_wconf 87' lang='lat' dir='ltr'>soro</span> <span class='ocrx_word' id='word_1_253' title='bbox 899 2278 970 2308; x_wconf 85' lang='lat' dir='ltr'>sore</span> <span class='ocrx_word' id='word_1_254' title='bbox 991 2278 1074 2308; x_wconf 83' lang='lat' dir='ltr'>Boot</span> <span class='ocrx_word' id='word_1_255' title='bbox 1200 2280 1219 2308; x_wconf 80' lang='lat'><em>8</em></span> <span class='ocrx_word' id='word_1_256' title='bbox 1245 2289 1362 2309; x_wconf 85' lang='lat' dir='ltr'>omnes</span> <span class='ocrx_word' id='word_1_257' title='bbox 1388 2277 1483 2317; x_wconf 82' lang='lat' dir='ltr'>leges</span> 
     </span>
     <span class='ocr_line' id='line_1_32' title="bbox 154 2321 1483 2363; baseline -0.001 -11"><span class='ocrx_word' id='word_1_258' title='bbox 154 2322 228 2353; x_wconf 80' lang='lat' dir='ltr'>add.</span> <span class='ocrx_word' id='word_1_259' title='bbox 261 2322 449 2363; x_wconf 76' lang='lat' dir='ltr'>lVesenberg</span> <span class='ocrx_word' id='word_1_260' title='bbox 475 2323 540 2353; x_wconf 88' lang='lat' dir='ltr'>coll.</span> <span class='ocrx_word' id='word_1_261' title='bbox 572 2322 610 2361; x_wconf 78' lang='lat' dir='ltr'>Q.</span> <span class='ocrx_word' id='word_1_262' title='bbox 640 2322 695 2352; x_wconf 76' lang='lat' dir='ltr'>Fr.</span> <span class='ocrx_word' id='word_1_263' title='bbox 728 2323 760 2354; x_wconf 90' lang='lat' dir='ltr'>ii.</span> <span class='ocrx_word' id='word_1_264' title='bbox 795 2333 840 2361; x_wconf 90' lang='lat'>14.</span> <span class='ocrx_word' id='word_1_265' title='bbox 871 2333 890 2361; x_wconf 81' lang='lat'><strong>4</strong></span> <span class='ocrx_word' id='word_1_266' title='bbox 1069 2333 1090 2359; x_wconf 87' lang='lat'>9</span> <span class='ocrx_word' id='word_1_267' title='bbox 1115 2322 1244 2361; x_wconf 79' lang='lat' dir='ltr'>legarat</span> <span class='ocrx_word' id='word_1_268' title='bbox 1278 2321 1483 2352; x_wconf 81' lang='lat' dir='ltr'>Ascensius:</span> 
     </span>
     <span class='ocr_line' id='line_1_33' title="bbox 154 2364 1480 2405; baseline -0.001 -9"><span class='ocrx_word' id='word_1_269' title='bbox 154 2366 282 2405; x_wconf 86' lang='lat' dir='ltr'>legerat</span> <span class='ocrx_word' id='word_1_270' title='bbox 311 2366 379 2396; x_wconf 85' lang='lat' dir='ltr'>CM</span> <span class='ocrx_word' id='word_1_271' title='bbox 518 2367 560 2396; x_wconf 83' lang='lat'>28</span> <span class='ocrx_word' id='word_1_272' title='bbox 585 2367 673 2405; x_wconf 91' lang='lat' dir='ltr'>quod</span> <span class='ocrx_word' id='word_1_273' title='bbox 700 2370 795 2396; x_wconf 85' lang='lat' dir='ltr'>erant</span> <span class='ocrx_word' id='word_1_274' title='bbox 816 2367 876 2396; x_wconf 88' lang='lat' dir='ltr'>abs</span> <span class='ocrx_word' id='word_1_275' title='bbox 902 2370 935 2395; x_wconf 84' lang='lat' dir='ltr'>te</span> <span class='ocrx_word' id='word_1_276' title='bbox 957 2370 1030 2395; x_wconf 80' lang='lat' dir='ltr'>ante</span> <span class='ocrx_word' id='word_1_277' title='bbox 1049 2366 1101 2396; x_wconf 87' lang='lat' dir='ltr'>vel</span> <span class='ocrx_word' id='word_1_278' title='bbox 1120 2366 1220 2395; x_wconf 87' lang='lat' dir='ltr'>etiarn</span> <span class='ocrx_word' id='word_1_279' title='bbox 1236 2364 1325 2396; x_wconf 84' lang='lat' dir='ltr'>codd.</span> <span class='ocrx_word' id='word_1_280' title='bbox 1351 2365 1480 2404; x_wconf 63' lang='grc' dir='ltr'>Τζνννεῖἰ,</span> 
     </span>
    </p>
   </div>
   <div class='ocr_carea' id='block_1_6' title="bbox 152 2408 1444 2494">
    <p class='ocr_par' dir='ltr' id='par_1_12' title="bbox 152 2408 1444 2494">
     <span class='ocr_line' id='line_1_34' title="bbox 152 2408 1444 2450; baseline 0 -11"><span class='ocrx_word' id='word_1_281' title='bbox 152 2409 210 2439; x_wconf 82' lang='lat' dir='ltr'>sed</span> <span class='ocrx_word' id='word_1_282' title='bbox 231 2410 266 2439; x_wconf 86' lang='lat' dir='ltr'>in</span> <span class='ocrx_word' id='word_1_283' title='bbox 291 2410 345 2439; x_wconf 81' lang='lat' dir='ltr'>illo</span> <span class='ocrx_word' id='word_1_284' title='bbox 370 2410 435 2439; x_wconf 85' lang='lat' dir='ltr'>loco</span> <span class='ocrx_word' id='word_1_285' title='bbox 463 2409 515 2440; x_wconf 91' lang='lat' dir='ltr'>vel</span> <span class='ocrx_word' id='word_1_286' title='bbox 542 2414 818 2450; x_wconf 82' lang='lat' dir='ltr'>supervacaneum</span> <span class='ocrx_word' id='word_1_287' title='bbox 845 2420 909 2440; x_wconf 80' lang='lat' dir='ltr'>esse</span> <span class='ocrx_word' id='word_1_288' title='bbox 932 2408 1080 2440; x_wconf 77' lang='lat' dir='ltr'>videtur:</span> <span class='ocrx_word' id='word_1_289' title='bbox 1105 2409 1306 2449; x_wconf 81' lang='lat' dir='ltr'>transposuit</span> <span class='ocrx_word' id='word_1_290' title='bbox 1321 2408 1444 2440; x_wconf 63' lang='lat' dir='ltr'>Sclaatz</span> 
     </span>
     <span class='ocr_line' id='line_1_35' title="bbox 195 2463 1398 2494; baseline -0.005 0"><span class='ocrx_word' id='word_1_291' title='bbox 195 2474 258 2494; x_wconf 80' lang='lat' dir='ltr'>crc.</span> <span class='ocrx_word' id='word_1_292' title='bbox 279 2473 325 2493; x_wconf 85' lang='lat' dir='ltr'>AD</span> <span class='ocrx_word' id='word_1_293' title='bbox 342 2473 413 2494; x_wconf 80' lang='grc' dir='ltr'>ΑΠ.</span> <span class='ocrx_word' id='word_1_294' title='bbox 1377 2463 1398 2494; x_wconf 87' lang='lat'>9</span> 
     </span>
    </p>
   </div>
  </div>
 </body>
</html>
