1773 2651
550 149 661 185 EPP.
695 149 772 185 AD
803 148 1062 186 ATTICVM
1475 147 1522 182 V.
1546 143 1654 182 xviii

186 262 426 299 frumentum
462 274 507 298 ex
541 259 640 310 agris
680 259 719 296 in
754 261 841 297 loca
873 266 956 296 tuta
990 265 1267 308 comportatur.
1333 257 1372 296 Si
1407 257 1521 296 fuerit

185 324 352 370 occasio,
385 338 515 369 manu,
548 324 578 362 si
618 324 758 370 minus,
792 323 887 362 locis
922 337 994 362 nos
1028 323 1299 362 defendemus.
1361 324 1453 371 Qua
1481 331 1564 368 re3

186 390 293 428 bono
319 389 453 427 animo
480 402 530 427 eS.
592 389 721 427 Video
751 389 856 427 enirn
887 396 924 427 te
954 396 1002 436 et,
1026 388 1137 438 quasi
1167 401 1299 426 coram
1329 387 1445 433 adsis,
1468 387 1521 425 ita

185 468 303 492 cerno
325 454 556 504 συμπάθειαν
575 453 718 492 amoris
740 454 806 492 tui.
866 455 944 492 Sed
966 461 1003 492 te
1024 467 1128 503 rogo,
1148 453 1179 491 si
1200 455 1280 491 ullo
1301 460 1417 502 pacto
1438 452 1519 490 fieri

147 529 163 560 5
185 519 336 568 poterit,
362 519 392 557 si
417 519 566 569 integra
590 519 629 556 in
657 526 795 557 senatu
822 526 955 558 nostra
981 532 1099 557 causa
1125 519 1174 556 ad
1204 519 1292 555 Kal.
1318 517 1519 555 Ianuarias

186 584 381 630 manserit,
414 592 455 622 ut
488 586 641 622 Romae
681 584 732 621 sis
771 597 906 622 mense
946 583 1140 621 Ianuario.
1201 583 1383 620 Profecto
1422 582 1518 619 nihil

184 648 374 698 accipiam
403 649 575 695 iniuriae,
600 649 630 687 si
652 658 692 687 tu
714 649 852 688 aderis.
912 648 1075 687 Amicos
1102 649 1284 686 consules
1312 648 1515 694 habemus,

185 722 361 751 nostrum
395 714 594 752 tribunum
628 716 677 764 pl.
709 714 910 752 Furnium.
970 716 1118 752 Verurn
1147 721 1214 751 tua
1242 720 1300 751 est
1327 726 1427 762 opus
1454 714 1519 750 ad-

185 778 378 825 siduitate,
398 779 615 829 prudentia,
639 779 770 829 gratia.
827 781 1005 829 Tempus
1026 787 1084 817 est
1105 777 1379 817 necessarium.
1440 779 1518 816 Sed

127 858 166 880 10
185 851 296 893 turpe
317 852 374 882 est
396 858 458 882 me
480 844 656 893 pluribus
677 844 804 882 verbis
825 858 938 894 agere
959 852 1101 882 tecum.

238 908 451 947 Cicerones
479 909 599 947 nostri
628 917 718 946 sunt
745 910 851 958 apud
879 908 1108 947 Deiotarum
1140 908 1223 955 sed,
1248 907 1278 945 si
1307 921 1406 957 opus
1434 907 1516 954 erit,
1537 919 1562 956 4

183 975 430 1012 deducentur
461 975 662 1012 Rhodum.
722 975 784 1011 Tu
820 973 851 1011 si
886 987 927 1011 es
956 975 1121 1019 Romae,
1147 981 1189 1011 ut
1216 974 1329 1019 soles,
1359 972 1520 1022 diligen-

184 1039 342 1085 tissime,
366 1039 397 1077 si
425 1039 463 1076 in
494 1039 624 1088 Epiro,
658 1038 768 1077 rnitte
802 1047 935 1077 tamen
964 1039 1015 1076 ad
1050 1052 1121 1076 nos
1155 1039 1206 1076 de
1241 1037 1316 1075 tuis
1347 1038 1519 1087 aliquem

185 1103 442 1150 tabellarium,
466 1112 507 1141 ut
534 1112 571 1142 et
600 1109 640 1140 tu
665 1103 760 1153 quid
788 1117 860 1141 nos
887 1116 1048 1153 agamus
1073 1111 1111 1141 et
1138 1116 1210 1141 nos
1235 1102 1331 1152 quid
1361 1111 1401 1140 tu
1428 1117 1519 1153 agas

130 1182 166 1215 15
186 1168 362 1218 quidque
388 1176 545 1206 acturus
572 1168 623 1206 sis
650 1168 747 1206 scire
768 1168 974 1218 possimus.
1036 1170 1120 1217 Ego
1146 1167 1201 1205 tui
1224 1167 1332 1205 Bruti
1356 1181 1436 1206 rem
1464 1168 1519 1206 sic

185 1246 259 1282 ago
283 1241 325 1271 ut
352 1247 463 1271 suam
494 1233 576 1283 ipse
607 1247 686 1271 non
716 1242 856 1282 ageret.
917 1233 994 1271 Sed
1023 1232 1099 1270 iam
1130 1232 1298 1271 exhibeo
1324 1233 1518 1283 pupillum

186 1311 315 1347 neque
354 1299 555 1344 defend03
603 1306 693 1336 sunt
733 1298 838 1336 enirn
880 1297 1036 1348 negotia
1076 1305 1114 1336 et
1153 1299 1259 1336 lenta
1297 1305 1335 1336 et
1374 1297 1516 1336 inania.

186 1362 343 1400 Faciam
365 1370 497 1400 tamen
518 1363 610 1400 satis
632 1362 702 1401 tibi
723 1363 885 1412 quidem
907 1362 969 1401 cui
991 1362 1186 1401 difficilius
1207 1370 1264 1401 est
1281 1375 1399 1413 quam
1421 1363 1519 1413 ipsi3

183 1428 253 1465 sed
275 1435 378 1465 certe
400 1427 491 1465 satis
512 1427 652 1466 faciam
675 1427 839 1477 utrique.

126 1560 165 1582 20
226 1551 337 1586 XIX
404 1554 472 1586 Ser.
492 1555 525 1585 in
542 1556 654 1585 castris
669 1554 715 1585 ad
732 1555 875 1595 Cyb1'stra
892 1566 916 1584 ,τ
941 1554 984 1585 K.
1007 1555 1073 1586 Oct⁴
1091 1565 1121 1586 α.
1143 1564 1196 1595 703
1215 1554 1300 1595 (51).

601 1642 778 1674 CICERO
802 1642 976 1673 ATTICO
1003 1642 1103 1674 SAL.

238 1732 499 1782 Obsignaram
539 1732 616 1770 iam
656 1732 863 1782 epistulam
904 1745 1002 1778 eam,
1036 1745 1155 1781 quam
1191 1740 1287 1781 puto
1322 1740 1359 1771 te
1396 1734 1554 1774 mod01

183 1798 391 1848 perlegisse
421 1798 604 1848 scriptam
642 1811 729 1836 mea
759 1811 877 1835 manu
913 1797 952 1834 in
982 1810 1059 1846 qua
1089 1797 1223 1835 onmia
1252 1798 1514 1845 continentur,

183 1877 274 1902 cum
318 1863 449 1902 subito
488 1865 652 1913 Apellae
697 1863 920 1901 tabellarius
962 1876 994 1900 a.
1036 1864 1073 1900 d.
1115 1874 1158 1900 XI
1201 1864 1288 1900 Kal.
1331 1863 1516 1902 Octobris

127 1944 164 1975 25
184 1928 352 1977 septimo
373 1928 674 1978 quadragesimo
702 1927 765 1966 die
789 1929 919 1965 Roma
946 1927 1120 1965 celeriter
1142 1927 1225 1976 (hui
1251 1936 1330 1965 tarn
1358 1930 1473 1978 longe
1491 1929 1515 1977 ἕ)

184 1992 279 2030 mihi
311 2001 396 2030 tuas
431 1992 576 2031 litteras
611 1992 792 2030 reddidit.
863 1993 922 2029 Ex
955 1991 1099 2041 quibus
1133 2005 1213 2030 non
1248 1992 1388 2030 dubito
1420 1993 1514 2043 quin

184 2066 224 2094 tu
257 2057 490 2107 Pompeium
523 2056 757 2106 exspectaris
787 2058 882 2095 dum
909 2056 1089 2094 Arimino
1124 2056 1265 2095 rediret
1296 2065 1333 2095 et
1368 2057 1445 2095 iarn
1476 2057 1514 2094 in

185 2121 346 2171 Epirum
382 2123 579 2171 profectus
619 2121 681 2167 sis,
717 2121 919 2170 magisque
952 2134 1099 2167 vereor,
1131 2128 1173 2158 ut
1207 2121 1353 2167 scribis,
1388 2135 1437 2160 ne
1476 2122 1515 2160 in

185 2185 305 2235 Epiro
333 2185 519 2223 sollicitus
548 2185 598 2223 sis
626 2199 705 2223 non
735 2186 862 2223 minus
888 2199 1006 2234 quam
1034 2198 1106 2222 nos
1133 2185 1197 2223 hic
1224 2199 1369 2224 sumus.

127 2265 166 2296 30
240 2252 301 2288 De
322 2250 496 2287 Atiliano
523 2250 684 2288 nomine
712 2250 846 2299 scripsi
869 2251 920 2288 ad
943 2250 1198 2287 Philotimum
1228 2264 1276 2288 ne
1303 2252 1517 2300 appellaret

232 2353 270 2382 18
296 2352 364 2385 tibi,
397 2353 448 2382 cui
480 2353 616 2391 quidem
647 2351 836 2392 [Vesenhm‘g
996 2363 1037 2390 24
1063 2351 1204 2390 Apellae
1230 2351 1315 2382 Moll
1328 2353 1395 2384 coll.
1416 2355 1513 2385 Fam.

184 2396 310 2469 {3133
329 2396 493 2468 2.,ἑῗιῦ5.
512 2405 542 2434 3,
560 2396 634 2426 bene
650 2407 656 2426 :
680 2395 816 2436 Appelli
835 2395 894 2427 M:
919 2394 1072 2435 Appellit
1092 2395 1138 2426 C:
1163 2395 1267 2435 Appii
1285 2396 1361 2428 Vz'cl.
1476 2408 1515 2436 27

232 2502 295 2523 C1c.
316 2503 363 2523 AD
381 2503 454 2524 ATT.
1390 2496 1427 2525 11
