1773 2651
578 181 688 217 EPP.
723 181 799 218 AD
831 181 1089 219 ATTICVM
1403 183 1496 220 VII.
1516 183 1577 220 xii

167 292 257 330 culo
279 292 347 330 sed
375 290 577 341 dirumpor
606 292 751 330 dolore.
813 293 966 330 Tamne
996 293 1105 330 nullo
1130 292 1295 331 consilio
1321 299 1387 330 aut
1415 300 1493 330 tam

166 364 301 394 contra
324 370 454 394 meum
486 355 693 394 consilium
723 364 832 406 gesta
858 371 942 395 esse
969 357 1124 395 omnia!
1183 359 1245 395 An
1274 365 1435 396 cuncter
1458 366 1496 396 et

167 421 392 472 tergiverser
412 430 449 459 et
471 420 515 458 iis
537 435 599 459 me
620 422 711 460 dem
733 421 800 471 qui
822 429 970 469 tenent,
991 422 1057 471 qui
1079 422 1310 472 potiuntur?
1351 426 1359 442 ‘
1374 424 1496 461 Αἷδέο-

164 505 231 536 μαι
251 488 396 535 Τρῶας’
418 499 490 524 nec
519 487 646 524 solum
668 486 762 523 civis
783 488 852 524 sed
881 486 998 524 etiam
1018 486 1134 525 amici
1156 487 1285 525 officio
1311 501 1494 535 revocor3

126 565 142 595 5
164 551 235 589 etsi
271 552 425 601 frangor
456 564 573 600 saepe
608 550 874 589 misericordia
912 565 1132 601 puerorum.
1194 554 1247 589 Vt
1286 551 1400 602 igitur
1442 552 1539 596 ita4

165 617 402 666 perturbato,
444 615 514 653 etsi
559 623 596 653 te
641 617 781 653 eadem
828 616 1047 663 sollicitant,
1090 617 1215 655 scribe
1260 617 1408 666 aliquid
1456 625 1494 655 et

166 680 344 725 maxime,
382 679 412 717 si
446 679 658 729 Pompeius
700 679 812 717 Italia
851 680 965 726 cedit,
1008 681 1104 729 quid
1143 681 1257 719 nobis
1296 682 1493 730 agendum

165 754 287 794 putes.
351 746 416 781 Μ’.
440 744 601 793 quidem
632 744 805 793 Lepidus
834 746 941 793 (nam
967 745 1111 783 fuimus
1139 746 1232 793 una)
1255 759 1344 783 eum
1376 747 1494 784 finem

165 809 311 853 statuit,
335 811 375 846 L.
400 811 624 858 Torquatus
655 810 837 847 eundem.
900 811 967 848 Me
997 824 1087 847 cum
1120 812 1242 848 multa
1267 818 1349 848 tum
1377 810 1494 849 etiam

108 887 145 908 10
166 874 320 912 lictores
342 873 572 924 impediunt.
635 874 743 911 Nihil
765 874 843 912 vidi
874 888 1064 924 umquam
1086 876 1194 924 quod
1223 875 1351 913 minus
1379 875 1495 925 expli-

165 939 241 977 cari
272 947 417 988 posset.
478 939 617 987 Itaque
647 952 669 976 a
699 946 736 976 te
766 938 960 977 nihildum
989 939 1083 977 certi
1112 939 1273 989 exquiro
1301 941 1370 978 sed
1399 940 1494 990 quid

164 1004 350 1041 videatur.
414 1003 596 1052 Denique
624 1003 748 1053 ipsam
777 1005 932 1053 ἀπορίαν
961 1011 1068 1041 tuam
1098 1003 1215 1054 cupio
1243 1018 1489 1053 cognoscere.

166 1068 386 1106 Labienum
421 1068 471 1105 ab
503 1067 571 1105 illo
604 1068 828 1106 discessisse
858 1082 979 1118 prope
1014 1069 1177 1107 modum
1217 1077 1380 1107 constat.
1452 1069 1489 1107 Si
1511 1075 1535 1114 5

165 1133 216 1171 ita
237 1134 383 1170 factum
401 1140 503 1170 esset
524 1140 565 1170 ut
587 1132 650 1170 ille
680 1134 850 1170 Romam
872 1132 1033 1170 veniens
1061 1132 1306 1182 magistratus
1327 1141 1365 1171 et
1386 1147 1492 1171 sena-

108 1212 143 1242 15
165 1207 248 1236 tum
272 1200 425 1235 Romae
455 1199 684 1245 offenderet,
707 1211 850 1247 magno
880 1197 966 1235 usui
996 1211 1136 1235 causae
1164 1206 1318 1235 nostrae
1346 1198 1493 1236 fuisset.

168 1267 387 1302 Damnasse
423 1262 527 1301 enim
568 1262 722 1300 sceleris
762 1262 964 1300 hominem
1002 1261 1174 1299 amicum
1214 1262 1267 1300 rei
1313 1262 1493 1312 publicae

165 1343 283 1367 causa
321 1329 529 1375 videretur,
569 1328 676 1377 quod
723 1340 827 1364 nunc
867 1339 1026 1376 quoque
1064 1326 1216 1364 videtur
1255 1328 1324 1365 sed
1365 1327 1494 1364 minus

166 1395 335 1444 prodest.
410 1395 503 1431 Non
541 1392 647 1431 enim
693 1392 811 1429 habet
849 1391 912 1429 cui
957 1391 1077 1441 prosit
1116 1405 1287 1441 eumque
1331 1392 1494 1430 arbitror

167 1458 376 1509 paenitere,
406 1457 480 1496 nisi
510 1459 608 1496 forte
638 1457 677 1495 id
703 1456 830 1506 ipsum
856 1464 914 1494 est
943 1457 1083 1494 falsum
1115 1456 1341 1495 discessisse
1371 1456 1491 1494 illum.

107 1539 147 1560 20
168 1525 252 1562 Nos
273 1523 435 1573 quidem
456 1535 526 1572 pro
547 1529 654 1560 certo
675 1521 930 1559 habebamus.

222 1590 272 1626 Et
307 1587 432 1633 velim,
468 1599 723 1636 quamquam,
757 1593 799 1623 ut
831 1585 977 1631 scribis,
1011 1585 1240 1623 domesticis
1279 1593 1316 1623 te
1351 1585 1494 1623 finibus
1514 1591 1542 1627 6

166 1662 289 1697 tenes,
321 1654 486 1691 formam
520 1651 615 1689 mihi
647 1650 754 1689 urbis
785 1664 972 1700 exponas,
1006 1651 1162 1700 ecquod
1197 1650 1363 1701 Pompei
1397 1651 1495 1689 desi-

165 1718 328 1764 derium,
348 1731 497 1767 ecquae
514 1716 692 1756 Caesaris
713 1715 860 1754 invidia
875 1723 1073 1765 appareat,
1087 1715 1203 1753 etiam
1221 1716 1317 1766 quid
1334 1730 1494 1755 censeas

166 1785 215 1822 de
232 1783 418 1822 Terentia
439 1790 476 1820 et
497 1781 641 1829 Tullia,
664 1783 818 1819 Romae
839 1794 904 1819 eas
931 1794 1015 1819 esse
1036 1794 1085 1818 an
1108 1794 1263 1819 mecum
1291 1795 1340 1819 an
1361 1781 1494 1831 aliquo

107 1860 145 1892 25
166 1857 251 1887 tuto
272 1850 370 1887 loco.
433 1849 547 1885 Haec
577 1854 615 1884 et
639 1845 669 1883 si
698 1845 793 1895 quid
822 1845 930 1884 aliud
955 1847 1006 1884 ad
1035 1859 1097 1884 me
1124 1845 1269 1884 scribas
1297 1846 1412 1885 velim
1434 1848 1494 1885 vel

167 1913 296 1964 potius
317 1912 519 1964 scriptites.

209 2038 325 2072 XIII
457 2039 526 2070 Scr.
548 2039 733 2070 Menturnis
749 2039 783 2069 ix
798 2039 841 2069 K.
861 2039 949 2070 Febr.
971 2050 1001 2069 a.
1025 2049 1078 2079 70)-
1095 2040 1182 2081 (49).

585 2116 761 2146 CICERO
785 2116 956 2146 ATTICO
982 2116 1078 2147 SAL.

225 2198 286 2234 De
317 2194 589 2234 Vennonianis
617 2195 732 2232 rebus
765 2194 834 2232 tibi
865 2194 1074 2233 adsentior.
1136 2195 1355 2234 Labienum
1395 2196 1495 2245 ἥρωα
1514 2206 1532 2234 1

110 2278 149 2307 30
168 2261 309 2299 iudico.
371 2259 539 2297 Facinus
565 2259 641 2296 iarn
671 2258 738 2296 diu
769 2260 920 2296 nullum
949 2259 1060 2297 civile
1085 2260 1329 2309 praeclarius,
1353 2260 1429 2310 qui,
1454 2268 1495 2298 ut

216 2375 228 2394 1
256 2364 384 2394 Tamne
403 2362 455 2392 Ml
476 2362 548 2401 (secl
562 2373 604 2392 ne
621 2361 772 2396 deletum)
790 2355 887 2392 HZI:
915 2367 981 2392 tam
1001 2362 1074 2392 M2s
1090 2362 1187 2393 EOP
1315 2373 1335 2402 5
1359 2364 1419 2405 Vt]
1445 2364 1495 2394 Tu

168 2407 252 2438 Pius
422 2417 457 2445 14
482 2407 697 2445 magistratus
725 2404 919 2446 lVesenbetg,
939 2406 976 2446 cs.
1001 2416 1047 2445 13.
1072 2416 1108 2437 1:
1134 2411 1217 2437 -tum
1242 2406 1282 2436 M
1455 2417 1495 2447 24

171 2452 346 2482 Romaene
365 2450 450 2480 Reid
464 2450 529 2481 coll.
546 2449 641 2480 Fam.
659 2449 724 2480 xiV.
747 2450 794 2480 18.
817 2460 829 2480 1

213 2515 276 2536 Cic.
298 2514 344 2535 AD
362 2514 434 2535 Αττ.
1369 2504 1409 2534 15
