1773 2651
631 199 744 235 EPP.
777 198 856 234 AD
887 196 1147 235 ATTICVM
1377 198 1496 235 VIII.
1522 208 1626 235 XVA

194 311 353 351 Caesari
373 318 536 361 gratum,
560 309 657 347 mihi
677 322 770 347 vero
789 307 1053 358 gratissimum
1074 308 1228 346 medius
1250 308 1367 347 fidius
1387 308 1526 347 fecisti.

195 377 301 415 Nam
321 376 431 414 illum
453 374 550 413 tanti
570 374 671 412 facio
692 382 735 412 ut
754 387 836 412 non
858 374 1068 412 Caesarem
1089 372 1212 422 magis
1233 373 1404 423 diligam.
1450 373 1532 422 Qui

195 441 227 479 si
247 454 386 491 passus
415 447 517 479 esset
546 453 619 477 nos
643 452 792 486 secum,
813 445 855 476 ut
879 451 1220 485 consueveramus,
1250 437 1358 487 loqui
1386 445 1423 476 et
1452 451 1533 476 non

197 518 238 543 se
268 513 396 543 totum
426 504 544 543 etiam
573 511 692 553 atque
722 503 840 542 etiam
870 503 920 541 ab
951 516 1132 540 sermone
1162 510 1296 541 nostro
1315 502 1532 550 avertisset,

158 584 175 615 5
198 569 327 607 minus
358 569 474 607 miser
498 582 617 618 quam
645 581 732 606 sum
762 581 900 606 essem.
960 568 1065 605 Nam
1094 581 1188 606 cave
1209 575 1322 617 putes
1342 569 1420 606 hoc
1440 575 1535 605 tem-

197 647 293 684 pore
313 635 400 684 plus
421 647 484 671 me
505 646 747 683 quemquam
768 631 940 678 cruciari,
965 633 1073 681 quod
1101 646 1191 670 eum
1220 646 1339 682 quem
1359 640 1450 670 ante
1471 645 1535 671 me

199 698 320 748 diligo
341 698 457 737 video
478 698 517 735 in
539 699 745 736 consulatu
761 697 916 747 quidvis
938 697 1068 747 potius
1082 710 1167 736 esse
1181 711 1300 747 quam
1317 699 1532 736 consulem.

200 765 323 812 Quod
350 763 381 801 si
405 763 570 801 voluerit
598 763 669 801 tibi
696 764 968 812 obtemperare
995 770 1033 800 et
1059 762 1174 801 nobis
1199 764 1250 801 de
1271 764 1439 802 Caesare
1459 775 1538 800 cre-

202 829 295 866 dere
334 835 371 866 et
410 829 659 866 consulatum
694 827 888 877 reliquum
922 829 1077 865 Romae
1114 841 1309 878 peragere,
1350 827 1536 877 incipiam

143 910 182 932 10
202 905 357 942 sperare
377 892 495 930 etiam
526 892 692 931 consilio
717 900 875 930 senatus
899 900 1059 930 auctore
1079 900 1127 938 te,
1151 892 1218 931 illo
1239 894 1403 932 relatore
1424 895 1538 931 Pom-

202 957 337 1007 peium
366 964 405 995 et
435 958 645 996 Caesarem
675 956 861 1007 coniungi
890 969 1017 1006 posse.
1079 958 1201 1006 Quod
1226 957 1257 995 si
1285 959 1432 996 factum
1454 957 1534 1005 erit,

204 1035 268 1060 me
289 1021 380 1060 satis
401 1021 540 1060 vixisse
561 1022 720 1072 putabo.

259 1088 424 1125 Factum
442 1086 620 1125 Caesaris
641 1087 691 1125 de
708 1086 884 1125 Corfinio
905 1093 1032 1124 totum
1049 1093 1087 1125 te
1107 1088 1364 1137 probaturum
1386 1087 1467 1126 scio
1487 1095 1537 1134 et,
1559 1097 1584 1135 3

205 1164 286 1201 quo
316 1152 437 1190 modo
467 1151 507 1188 in
537 1150 620 1189 eius
650 1151 760 1190 modi
784 1165 835 1198 re,
859 1151 1109 1190 commodius
1136 1153 1276 1190 cadere
1304 1166 1385 1191 non
1412 1151 1539 1202 potuit

145 1232 183 1264 15
205 1230 326 1266 quam
347 1223 389 1254 ut
410 1229 469 1254 res
490 1215 574 1253 sine
595 1215 784 1265 sanguine
804 1216 1002 1254 confieret.

161 1276 163 1278 ¹
261 1280 374 1319 Balbi
406 1280 483 1319 mei
518 1280 654 1330 tuique
684 1282 858 1319 adventu
889 1281 1129 1319 delectatum
1153 1288 1192 1320 te
1225 1283 1340 1320 valde
1373 1278 1539 1331 gaudeo.

208 1348 248 1385 Is
270 1358 545 1396 quaecumque
559 1344 630 1383 tibi
644 1346 695 1383 de
713 1346 880 1384 Caesare
901 1345 998 1383 dixit
1018 1358 1200 1395 quaeque
1216 1347 1362 1385 Caesar
1375 1346 1542 1396 scripsit,

207 1411 300 1458 scio,
323 1424 364 1448 re
384 1409 455 1448 tibi
475 1408 670 1459 probabit,
693 1422 969 1460 quaecumque
993 1410 1148 1448 fortuna
1168 1409 1252 1449 eius
1281 1410 1406 1458 fuerit,
1428 1409 1543 1449 veris-

206 1475 305 1514 sime
325 1473 536 1524 scripsisse.

149 1648 191 1670 20
254 1636 364 1672 XVI
455 1639 525 1671 Scr.
547 1640 581 1670 in
597 1639 777 1671 Formiano
794 1639 825 1670 iv
841 1639 929 1671 Non.
950 1639 1052 1671 Mart.
1072 1650 1103 1671 α.
1127 1649 1182 1680 705
1200 1639 1287 1682 (49).

690 1727 865 1758 CICERO
890 1727 1075 1758 ATTICO.

264 1808 411 1849 Omnia
440 1809 536 1847 mihi
562 1809 717 1860 provisa
741 1818 831 1848 sunt
860 1818 1011 1860 praeter
1035 1812 1234 1849 occultum
1262 1818 1300 1849 et
1324 1818 1452 1850 tutum
1473 1811 1545 1851 iter
1562 1824 1580 1851 1

209 1874 261 1912 ad
280 1887 387 1912 mare
407 1888 604 1924 superum.
664 1876 757 1913 Hoc
784 1874 890 1912 enim
914 1874 1011 1912 mari
1038 1875 1094 1913 uti
1121 1888 1201 1913 non
1228 1889 1438 1925 possumus
1468 1878 1544 1915 hoc

211 1946 388 1988 tempore
407 1938 512 1976 anni.
573 1940 673 1977 Illuc
693 1946 823 1978 autem
853 1952 933 1989 quo
961 1947 1111 1989 spectat
1137 1938 1292 1978 animus
1320 1948 1358 1979 et
1383 1954 1464 1990 quo
1484 1955 1544 1980 res

154 2020 192 2051 25
210 2010 336 2050 vocat,
359 2017 438 2053 qua
457 2003 613 2042 veniam
630 2005 646 2041 ?
703 2005 941 2043 Cedendum
963 2003 1069 2042 enim
1090 2011 1149 2042 est
1169 2004 1354 2052 celeriter,
1378 2019 1428 2044 ne
1446 2007 1544 2044 forte

213 2081 290 2117 qua
310 2082 349 2106 re
370 2067 562 2117 impediar
581 2076 700 2118 atque
726 2069 882 2119 adliger.
943 2070 981 2106 N
985 2082 1030 2107 ec
1050 2082 1142 2107 vero
1170 2069 1233 2107 ille
1261 2083 1324 2107 me
1347 2070 1456 2108 ducit
1477 2069 1545 2120 qui

211 2131 390 2179 videtur,
419 2145 538 2181 quem
568 2146 641 2182 ego
670 2133 874 2171 hominem
909 2135 1223 2172 ἀπολιτικώτατον
1253 2134 1432 2172 omnium
1466 2133 1544 2172 iam

213 2203 304 2234 ante
336 2209 559 2246 cognoram,
596 2210 702 2235 nunc
731 2211 822 2235 vero
854 2197 972 2236 etiam
1005 2200 1389 2250 ἀστρατηγητότατον.
1450 2200 1544 2237 Non

256 2308 277 2336 4
300 2302 401 2336 atque
426 2298 527 2328 etiarn
554 2298 745 2338 Malaspina
774 2298 983 2340 lVesenberg:
1015 2305 1049 2331 et
1074 2305 1142 2331 tam
1166 2302 1268 2331 etiam
1286 2301 1364 2332 Ml:
1389 2301 1489 2332 etiarn
1509 2305 1543 2332 et

215 2342 316 2372 etiam
341 2339 410 2372 M²=
434 2341 536 2372 etiam
554 2342 669 2372 Baiter
774 2352 812 2382 13
837 2348 870 2374 te
891 2343 1052 2374 Vrsinus:
1076 2354 1129 2374 me
1148 2343 1187 2373 M
1259 2345 1339 2382 scio,
1368 2349 1402 2375 et
1425 2344 1542 2376 Klotz:

215 2385 298 2415 sciet
315 2383 358 2413 M
531 2394 568 2424 15
594 2386 757 2416 confieret
770 2385 814 2416 C:
841 2396 914 2416 cum
933 2387 1007 2417 fieri
1025 2387 1093 2417 eiet
1104 2386 1161 2417 M:
1185 2387 1359 2418 transierit
1376 2386 1419 2417 M
1432 2398 1540 2428 marg.

215 2426 542 2501 ἀιζτρατηγητῗτατον
572 2428 694 2466 Tyrrell
707 2441 714 2460 :
749 2432 1235 2462 ACTPATHPHTOATAATON
1258 2431 1320 2462 M:
1350 2431 1543 2472 ἀστρατηγι-

216 2481 360 2501 κωτατον
376 2481 419 2501 vu
429 2481 464 2512 g.
