1773 2651
186 180 254 216 IV.
277 179 320 215 iii
631 181 685 216 M.
718 180 885 216 TVLLI
919 180 1226 217 CICERONIS

263 303 359 327 mus.
439 290 546 339 Quid
587 289 725 327 consili
764 290 814 327 de
853 292 962 327 omni
1002 297 1135 327 nostro
1174 298 1276 328 statu
1315 290 1515 341 capiamus
1554 298 1592 330 te

260 354 424 392 absente
455 354 664 392 nescimus.
726 355 816 402 Qua
846 368 885 392 re
915 355 1145 404 adpropera.

301 492 365 527 IV
589 497 658 526 Scr.
678 495 810 526 Romae
825 495 861 525 iii
875 496 917 527 K.
935 496 1023 526 Febr.
1042 507 1072 527 a.
1094 498 1159 536 698
1176 498 1262 537 (56).

667 566 838 598 CICERO
861 567 1043 598 ATTICO
1065 567 1172 598 SAL.

316 640 587 678 Periucundus
619 639 715 677 mihi
746 639 908 678 Cincius
934 639 1005 677 fuit
1033 647 1125 678 ante
1153 639 1258 678 diem
1286 652 1331 677 111
1363 641 1450 678 Kal.
1476 641 1589 679 Febr.
1609 653 1627 684 5

258 712 350 742 ante
376 705 502 741 lucem
521 719 528 750 3
558 703 654 741 dixit
679 703 784 742 enim
814 703 909 741 mihi
930 711 968 741 te
989 717 1074 742 esse
1095 703 1135 741 in
1158 704 1270 742 Italia
1297 718 1461 754 seseque
1482 706 1532 742 ad
1554 712 1591 743 te

260 782 403 819 pueros
424 769 587 807 mittere.
649 770 762 817 Quos
783 768 867 806 sine
897 768 994 807 meis
1022 768 1158 807 litteris
1185 769 1239 807 ire
1266 769 1386 815 nolui,
1411 783 1491 807 non
1513 783 1593 818 quo

261 835 447 872 haberem
477 835 585 883 quod
618 833 701 878 tibi,
732 833 959 883 praesertim
999 833 1076 871 iam
1115 847 1237 883 prope
1268 834 1472 883 praesenti,
1506 833 1594 872 scri-

261 899 392 937 berem
416 901 485 937 sed
507 907 547 936 ut
569 900 645 937 hoc
672 898 801 948 ipsum
827 898 1098 948 significarem,
1122 898 1217 936 mihi
1245 906 1355 937 tuum
1377 900 1591 937 adventum

261 964 535 1002 suavissimum
571 963 1032 1013 exspectatissimumque
1053 977 1148 1002 esse.
1210 965 1300 1013 Qua
1320 978 1360 1002 re
1380 965 1521 1002 advola
1541 965 1591 1003 ad
1615 980 1654 1002 ιο

261 1044 333 1068 nos
354 1044 402 1068 eo
422 1029 556 1068 animo
583 1037 625 1067 ut
653 1043 725 1067 nos
755 1043 873 1075 ames,
904 1036 942 1067 te
969 1029 1090 1067 amari
1117 1029 1228 1068 sciaS.
1289 1030 1430 1069 Cetera
1459 1043 1591 1068 coram

259 1108 433 1145 agemus.
495 1097 608 1133 Haec
641 1102 895 1145 properantes
926 1094 1162 1145 scripsimus.
1225 1096 1318 1144 Quo
1349 1095 1414 1134 die
1447 1094 1590 1143 venies,

261 1160 397 1211 utique
413 1174 503 1199 cum
526 1160 601 1198 tuis
622 1161 729 1210 apud
751 1174 813 1198 me
835 1159 898 1198 sis.

303 1294 397 1329 IVa
497 1296 568 1328 Ser.
586 1297 620 1327 in
637 1296 772 1327 Antiati
786 1307 830 1328 m.
850 1296 934 1337 Apr.
956 1301 1016 1327 aut
1031 1296 1111 1327 Mai.
1133 1308 1162 1328 a.
1184 1297 1250 1337 698
1267 1298 1354 1339 (56).

670 1368 841 1400 CICERO
865 1368 1046 1399 ATTICO
1069 1368 1177 1400 SAL.
1614 1373 1652 1404 15

224 1455 241 1482 1
315 1443 492 1481 Perbelle
528 1441 663 1480 seceris
699 1441 729 1479 si
761 1443 811 1479 ad
845 1455 917 1479 nos
951 1441 1112 1480 veneris.
1185 1442 1376 1480 Offendes
1415 1440 1593 1492 designa-

260 1506 408 1545 tionem
434 1506 698 1556 Tyrannionis
725 1506 929 1543 mirificam
961 1506 999 1543 in
1031 1506 1218 1545 librorum
1247 1520 1425 1545 meorum
1454 1506 1593 1544 biblio-

261 1573 385 1618 theca,
410 1584 577 1621 quorum
599 1570 786 1620 reliquiae
803 1572 927 1608 multo
945 1570 1126 1609 meliores
1147 1579 1237 1609 sunt
1259 1585 1376 1621 quam
1399 1578 1588 1621 putaram.

261 1639 311 1674 Et
341 1636 458 1675 velim
490 1635 585 1673 mihi
616 1635 746 1673 mittas
776 1636 827 1673 de
856 1635 932 1673 tuis
962 1635 1167 1674 librariolis
1197 1637 1298 1674 duos
1322 1636 1475 1685 aliquos
1504 1635 1590 1685 qui-

260 1702 334 1739 bus
368 1701 568 1751 Tyrannio
594 1708 723 1738 utatur
749 1700 1063 1750 glutinatoribus,
1096 1703 1147 1739 ad
1179 1709 1307 1740 cetera
1337 1701 1587 1747 administris,
1613 1717 1651 1738 20

260 1767 385 1816 iisque
403 1767 569 1817 imperes
591 1774 632 1804 ut
653 1774 809 1804 sumant
827 1767 1140 1805 membranulam
1158 1781 1203 1805 ex
1220 1780 1297 1816 qua
1312 1766 1463 1805 indices
1483 1768 1589 1813 fiant,

218 1842 242 1869 2
261 1846 360 1882 quos
382 1846 450 1870 vos
472 1831 622 1878 Graeci,
647 1839 688 1869 ut
709 1831 861 1881 opinor,
886 1833 1096 1881 σιλλύβους
1115 1831 1330 1882 appellatis.
1382 1833 1459 1870 Sed
1481 1833 1589 1877 haec,

260 1896 291 1934 si
326 1895 397 1934 tibi
431 1895 501 1934 erit
540 1897 811 1934 commodum.
874 1897 965 1946 Ipse
997 1910 1088 1934 vero
1120 1895 1256 1945 utique
1288 1897 1348 1933 fac
1382 1895 1526 1941 venias,
1561 1895 1591 1933 si

260 1969 372 2011 potes
407 1960 446 1998 in
481 1960 541 1998 his
573 1961 669 1999 locis
701 1962 982 1999 adhaerescere
1016 1969 1054 1999 et
1090 1960 1227 1998 Piliam
1262 1961 1469 1998 adducere.
1532 1961 1592 1997 Ita

260 2025 363 2063 enim
387 2033 424 2064 et
444 2039 615 2075 aequum
644 2033 702 2064 est
729 2033 767 2064 et
794 2025 902 2075 cupit
933 2025 1072 2063 Tullia.
1134 2025 1294 2064 Medius
1325 2024 1440 2063 fidius
1470 2038 1520 2063 ne
1550 2032 1591 2062 tu
1615 2041 1651 2072 25

260 2089 387 2129 emisti
417 2091 533 2141 λόχον
562 2092 816 2140 praeclarum.
878 2090 1125 2128 Gladiatores
1149 2089 1269 2127 audio
1290 2102 1462 2139 pugnare
1492 2088 1592 2126 miri-

307 2204 344 2233 13
369 2193 502 2233 utique]
536 2195 651 2233 utique
684 2193 735 2223 sac
769 2193 900 2223 Bailer:
949 2193 1050 2223 velim
1084 2194 1199 2232 utique
1236 2192 1432 2233 ll'escnbasg,
1467 2193 1524 2223 sed
1552 2193 1588 2232 cf.

261 2237 471 2268 Hcideumun
484 2242 490 2254 ‘
501 2238 550 2267 De
565 2238 721 2268 Ciceronis
732 2237 764 2266 in
778 2242 844 2277 epp.
859 2237 1031 2267 vcrbornm
1043 2237 1162 2276 ellipsis
1178 2236 1253 2266 usn'
1265 2240 1318 2276 pp.
1331 2237 1440 2275 93—98
1528 2237 1590 2277 sis]

262 2282 328 2311 eris
345 2281 473 2311 Slrt'ller
573 2293 609 2320 14
634 2281 736 2310 Hanc
751 2284 778 2310 el
792 2284 973 2319 sequentem
987 2286 1031 2320 ep.
1052 2291 1097 2311 ex.
1120 2291 1164 2311 m.
1184 2280 1272 2310 Febr.
1293 2281 1342 2309 vel
1356 2281 1398 2309 iu.
1422 2291 1465 2310 111.
1489 2280 1589 2310 Mart.

261 2326 396 2364 scm'plas
412 2335 475 2354 esse
486 2329 585 2364 pnlal
600 2325 766 2354 Koerner:
793 2334 853 2353 nos
868 2324 1042 2362 sequimur
1055 2323 1274 2353 Hildebrandt
1288 2326 1317 2352 el
1340 2323 1465 2353 Mz‘illcr
1554 2333 1590 2362 17

262 2368 295 2397 in
314 2368 472 2398 librorum
501 2367 577 2398 M¹:
612 2378 677 2399 om.
707 2367 740 2396 in
768 2366 820 2396 M2
925 2367 1129 2397 bibliotheca
1156 2365 1230 2395 M¹z
1257 2366 1494 2396 bibliothecam
1518 2365 1591 2396 Ns:

260 2421 325 2441 om.
356 2414 379 2442 Σ
401 2415 530 2450 praeter
549 2410 585 2440 N
710 2420 749 2449 19
774 2409 816 2440 Et
837 2413 881 2440 Σῑ
908 2410 1009 2439 etiam
1028 2415 1055 2440 Δ
1157 2420 1196 2448 24
1222 2410 1329 2440 adduc
1349 2409 1450 2439 Orelli
1550 2411 1592 2439 26

260 2453 363 2494 λόχον
380 2454 501 2484 Rosius
517 2465 523 2483 ε
549 2453 657 2484 locum
677 2453 734 2483 M:
760 2453 875 2484 ludum
892 2452 1023 2483 Emcslt'
