<?xml version="1.0" encoding="UTF-8"?>
<!DOCTYPE html PUBLIC "-//W3C//DTD XHTML 1.0 Transitional//EN"
    "http://www.w3.org/TR/xhtml1/DTD/xhtml1-transitional.dtd">
<html xmlns="http://www.w3.org/1999/xhtml" xml:lang="en" lang="en">
 <head>
  <title>
</title>
<meta http-equiv="Content-Type" content="text/html;charset=utf-8" />
  <meta name='ocr-system' content='tesseract 3.04.00' />
  <meta name='ocr-capabilities' content='ocr_page ocr_carea ocr_par ocr_line ocrx_word'/>
</head>
<body>
  <div class='ocr_page' id='page_1' title='image "./p1epistulaerecog02ciceuoft_0201.png"; bbox 0 0 1773 2651; ppageno 0'>
   <div class='ocr_carea' id='block_1_1' title="bbox 592 152 1600 191">
    <p class='ocr_par' dir='ltr' id='par_1_1' title="bbox 592 152 1600 191">
     <span class='ocr_line' id='line_1_1' title="bbox 592 152 1600 191; baseline 0.002 -3"><span class='ocrx_word' id='word_1_1' title='bbox 592 153 703 188; x_wconf 89' lang='lat' dir='ltr'>EPP.</span> <span class='ocrx_word' id='word_1_2' title='bbox 737 153 814 189; x_wconf 78' lang='lat' dir='ltr'>AD</span> <span class='ocrx_word' id='word_1_3' title='bbox 843 152 1105 191; x_wconf 82' lang='lat' dir='ltr'><strong>ATTICVM</strong></span> <span class='ocrx_word' id='word_1_4' title='bbox 1493 152 1600 190; x_wconf 92' lang='lat' dir='ltr'>VI.i</span> 
     </span>
    </p>
   </div>
   <div class='ocr_carea' id='block_1_2' title="bbox 141 263 1532 1682">
    <p class='ocr_par' dir='ltr' id='par_1_2' title="bbox 141 263 1532 1682">
     <span class='ocr_line' id='line_1_2' title="bbox 200 263 1528 314; baseline -0.001 -12"><span class='ocrx_word' id='word_1_5' title='bbox 200 263 283 302; x_wconf 87' lang='lat' dir='ltr'>eius</span> <span class='ocrx_word' id='word_1_6' title='bbox 321 263 611 314; x_wconf 87' lang='lat' dir='ltr'>possessionem</span> <span class='ocrx_word' id='word_1_7' title='bbox 652 263 690 300; x_wconf 92' lang='lat' dir='ltr'>in</span> <span class='ocrx_word' id='word_1_8' title='bbox 730 277 806 313; x_wconf 89' lang='lat' dir='ltr'>qua</span> <span class='ocrx_word' id='word_1_9' title='bbox 845 263 991 301; x_wconf 88' lang='lat' dir='ltr'>animal</span> <span class='ocrx_word' id='word_1_10' title='bbox 1030 263 1222 314; x_wconf 90' lang='lat' dir='ltr'>reliquum</span> <span class='ocrx_word' id='word_1_11' title='bbox 1262 266 1413 302; x_wconf 87' lang='lat' dir='ltr'>nullum</span> <span class='ocrx_word' id='word_1_12' title='bbox 1460 270 1528 302; x_wconf 88' lang='lat' dir='ltr'>est.</span> 
     </span>
     <span class='ocr_line' id='line_1_3' title="bbox 202 327 1528 374; baseline 0 -7"><span class='ocrx_word' id='word_1_13' title='bbox 202 330 315 367; x_wconf 86' lang='lat' dir='ltr'>Haec</span> <span class='ocrx_word' id='word_1_14' title='bbox 336 343 416 367; x_wconf 90' lang='lat' dir='ltr'>non</span> <span class='ocrx_word' id='word_1_15' title='bbox 438 342 573 366; x_wconf 88' lang='lat' dir='ltr'>noram</span> <span class='ocrx_word' id='word_1_16' title='bbox 596 336 690 374; x_wconf 88' lang='lat' dir='ltr'>tum,</span> <span class='ocrx_word' id='word_1_17' title='bbox 707 341 797 366; x_wconf 92' lang='lat' dir='ltr'>cum</span> <span class='ocrx_word' id='word_1_18' title='bbox 814 327 1044 367; x_wconf 77' lang='lat' dir='ltr'>Democrito</span> <span class='ocrx_word' id='word_1_19' title='bbox 1065 336 1133 367; x_wconf 90' lang='lat' dir='ltr'>tuo</span> <span class='ocrx_word' id='word_1_20' title='bbox 1153 343 1234 366; x_wconf 78' lang='lat' dir='ltr'>cum</span> <span class='ocrx_word' id='word_1_21' title='bbox 1256 331 1409 368; x_wconf 88' lang='lat' dir='ltr'>locutus</span> <span class='ocrx_word' id='word_1_22' title='bbox 1430 342 1528 367; x_wconf 89' lang='lat' dir='ltr'>sum.</span> 
     </span>
     <span class='ocr_line' id='line_1_4' title="bbox 201 392 1531 443; baseline 0.001 -12"><span class='ocrx_word' id='word_1_23' title='bbox 201 393 375 431; x_wconf 76' lang='lat' dir='ltr'>Rhosica</span> <span class='ocrx_word' id='word_1_24' title='bbox 406 407 498 431; x_wconf 76' lang='lat' dir='ltr'>vasa</span> <span class='ocrx_word' id='word_1_25' title='bbox 531 392 726 431; x_wconf 77' lang='lat' dir='ltr'><strong>mandavi.</strong></span> <span class='ocrx_word' id='word_1_26' title='bbox 795 394 873 431; x_wconf 87' lang='lat' dir='ltr'>Sed</span> <span class='ocrx_word' id='word_1_27' title='bbox 907 394 1005 431; x_wconf 91' lang='lat' dir='ltr'>heus</span> <span class='ocrx_word' id='word_1_28' title='bbox 1037 397 1103 431; x_wconf 80' lang='lat' dir='ltr'>tul</span> <span class='ocrx_word' id='word_1_29' title='bbox 1145 393 1240 443; x_wconf 91' lang='lat' dir='ltr'>quid</span> <span class='ocrx_word' id='word_1_30' title='bbox 1275 394 1451 443; x_wconf 81' lang='lat' dir='ltr'>cogitas?</span> <span class='ocrx_word' id='word_1_31' title='bbox 1490 393 1531 431; x_wconf 89' lang='lat' dir='ltr'>in</span> 
     </span>
     <span class='ocr_line' id='line_1_5' title="bbox 199 457 1531 506; baseline 0.002 -11"><span class='ocrx_word' id='word_1_32' title='bbox 199 457 361 496; x_wconf 78' lang='lat' dir='ltr'>felicatis</span> <span class='ocrx_word' id='word_1_33' title='bbox 387 457 564 496; x_wconf 85' lang='lat' dir='ltr'>lancibus</span> <span class='ocrx_word' id='word_1_34' title='bbox 594 465 631 495; x_wconf 90' lang='lat' dir='ltr'>et</span> <span class='ocrx_word' id='word_1_35' title='bbox 658 457 987 506; x_wconf 73' lang='lat' dir='ltr'>splendidissimis</span> <span class='ocrx_word' id='word_1_36' title='bbox 1014 457 1190 496; x_wconf 78' lang='lat' dir='ltr'>canistris</span> <span class='ocrx_word' id='word_1_37' title='bbox 1218 459 1431 497; x_wconf 84' lang='lat' dir='ltr'>holusculis</span> <span class='ocrx_word' id='word_1_38' title='bbox 1458 472 1531 497; x_wconf 90' lang='lat' dir='ltr'>nos</span> 
     </span>
     <span class='ocr_line' id='line_1_6' title="bbox 162 522 1532 574; baseline 0.001 -14"><span class='ocrx_word' id='word_1_39' title='bbox 162 534 178 564; x_wconf 81' lang='lat'>5</span> <span class='ocrx_word' id='word_1_40' title='bbox 199 524 300 561; x_wconf 88' lang='lat' dir='ltr'>soles</span> <span class='ocrx_word' id='word_1_41' title='bbox 322 536 497 572; x_wconf 84' lang='lat' dir='ltr'>pascere;</span> <span class='ocrx_word' id='word_1_42' title='bbox 526 522 622 572; x_wconf 93' lang='lat' dir='ltr'>quid</span> <span class='ocrx_word' id='word_1_43' title='bbox 639 530 675 560; x_wconf 89' lang='lat' dir='ltr'>te</span> <span class='ocrx_word' id='word_1_44' title='bbox 697 522 735 559; x_wconf 91' lang='lat' dir='ltr'>in</span> <span class='ocrx_word' id='word_1_45' title='bbox 752 522 852 559; x_wconf 79' lang='lat' dir='ltr'>vasis</span> <span class='ocrx_word' id='word_1_46' title='bbox 874 522 1059 560; x_wconf 86' lang='lat' dir='ltr'>fictilibus</span> <span class='ocrx_word' id='word_1_47' title='bbox 1079 523 1349 573; x_wconf 87' lang='lat' dir='ltr'>appositurum</span> <span class='ocrx_word' id='word_1_48' title='bbox 1366 526 1532 574; x_wconf 86' lang='lat' dir='ltr'>putem?</span> 
     </span>
     <span class='ocr_line' id='line_1_7' title="bbox 201 587 1531 639; baseline 0.004 -15"><span class='ocrx_word' id='word_1_49' title='bbox 201 588 321 636; x_wconf 84' lang='grc' dir='ltr'>Κέρας</span> <span class='ocrx_word' id='word_1_50' title='bbox 342 587 508 625; x_wconf 87' lang='lat' dir='ltr'>Phemio</span> <span class='ocrx_word' id='word_1_51' title='bbox 535 588 766 625; x_wconf 85' lang='lat' dir='ltr'>mandatum</span> <span class='ocrx_word' id='word_1_52' title='bbox 787 595 870 634; x_wconf 66' lang='lat' dir='ltr'>estj</span> <span class='ocrx_word' id='word_1_53' title='bbox 898 587 1119 638; x_wconf 86' lang='lat' dir='ltr'>reperietur,</span> <span class='ocrx_word' id='word_1_54' title='bbox 1144 589 1265 627; x_wconf 89' lang='lat' dir='ltr'>modo</span> <span class='ocrx_word' id='word_1_55' title='bbox 1291 589 1439 639; x_wconf 85' lang='lat' dir='ltr'>aliquid</span> <span class='ocrx_word' id='word_1_56' title='bbox 1464 591 1531 630; x_wconf 92' lang='lat' dir='ltr'>illo</span> 
     </span>
     <span class='ocr_line' id='line_1_8' title="bbox 199 653 508 703; baseline -0.006 -12"><span class='ocrx_word' id='word_1_57' title='bbox 199 653 362 703; x_wconf 86' lang='lat' dir='ltr'>dignum</span> <span class='ocrx_word' id='word_1_58' title='bbox 384 660 508 690; x_wconf 84' lang='lat' dir='ltr'>canat.</span> 
     </span>
     <span class='ocr_line' id='line_1_9' title="bbox 256 717 1528 770; baseline 0.005 -16"><span class='ocrx_word' id='word_1_59' title='bbox 256 717 479 755; x_wconf 87' lang='lat' dir='ltr'>Parthicum</span> <span class='ocrx_word' id='word_1_60' title='bbox 518 717 667 755; x_wconf 88' lang='lat' dir='ltr'>bellum</span> <span class='ocrx_word' id='word_1_61' title='bbox 709 717 922 767; x_wconf 88' lang='lat' dir='ltr'>impendet.</span> <span class='ocrx_word' id='word_1_62' title='bbox 996 718 1154 757; x_wconf 81' lang='lat' dir='ltr'>Cassius</span> <span class='ocrx_word' id='word_1_63' title='bbox 1193 719 1344 770; x_wconf 89' lang='lat' dir='ltr'>ineptas</span> <span class='ocrx_word' id='word_1_64' title='bbox 1384 721 1528 760; x_wconf 76' lang='lat' dir='ltr'>litteras</span> 
     </span>
     <span class='ocr_line' id='line_1_10' title="bbox 200 783 1528 838; baseline 0.005 -18"><span class='ocrx_word' id='word_1_65' title='bbox 200 783 317 830; x_wconf 84' lang='lat' dir='ltr'>misit,</span> <span class='ocrx_word' id='word_1_66' title='bbox 338 785 509 822; x_wconf 84' lang='lat' dir='ltr'>necdum</span> <span class='ocrx_word' id='word_1_67' title='bbox 540 784 669 823; x_wconf 83' lang='lat' dir='ltr'>Bibuli</span> <span class='ocrx_word' id='word_1_68' title='bbox 698 793 807 822; x_wconf 87' lang='lat' dir='ltr'>erant</span> <span class='ocrx_word' id='word_1_69' title='bbox 835 786 999 823; x_wconf 78' lang='lat' dir='ltr'>adlatae.</span> <span class='ocrx_word' id='word_1_70' title='bbox 1061 786 1216 834; x_wconf 84' lang='lat' dir='ltr'>Quibus</span> <span class='ocrx_word' id='word_1_71' title='bbox 1244 787 1410 826; x_wconf 90' lang='lat' dir='ltr'>recitatis</span> <span class='ocrx_word' id='word_1_72' title='bbox 1432 797 1528 838; x_wconf 91' lang='lat' dir='ltr'>puto</span> 
     </span>
     <span class='ocr_line' id='line_1_11' title="bbox 142 849 1528 901; baseline 0.005 -17"><span class='ocrx_word' id='word_1_73' title='bbox 142 861 181 883; x_wconf 94' lang='lat'>10</span> <span class='ocrx_word' id='word_1_74' title='bbox 200 849 281 886; x_wconf 87' lang='lat' dir='ltr'>fore</span> <span class='ocrx_word' id='word_1_75' title='bbox 301 856 344 886; x_wconf 88' lang='lat' dir='ltr'>ut</span> <span class='ocrx_word' id='word_1_76' title='bbox 363 849 577 899; x_wconf 85' lang='lat' dir='ltr'>aliquando</span> <span class='ocrx_word' id='word_1_77' title='bbox 605 858 899 888; x_wconf 76' lang='lat' dir='ltr'>commoveatur</span> <span class='ocrx_word' id='word_1_78' title='bbox 926 858 1093 889; x_wconf 78' lang='lat' dir='ltr'>senatus</span> <span class='ocrx_word' id='word_1_79' title='bbox 1156 851 1353 901; x_wconf 82' lang='lat' dir='ltr'>Equidem</span> <span class='ocrx_word' id='word_1_80' title='bbox 1377 866 1462 890; x_wconf 91' lang='lat' dir='ltr'>sum</span> <span class='ocrx_word' id='word_1_81' title='bbox 1489 853 1528 891; x_wconf 93' lang='lat' dir='ltr'>in</span> 
     </span>
     <span class='ocr_line' id='line_1_12' title="bbox 200 914 1530 969; baseline 0.005 -18"><span class='ocrx_word' id='word_1_82' title='bbox 200 927 341 964; x_wconf 88' lang='lat' dir='ltr'>magna</span> <span class='ocrx_word' id='word_1_83' title='bbox 370 914 492 952; x_wconf 87' lang='lat' dir='ltr'>animi</span> <span class='ocrx_word' id='word_1_84' title='bbox 524 915 826 965; x_wconf 85' lang='lat' dir='ltr'>perturbatione.</span> <span class='ocrx_word' id='word_1_85' title='bbox 891 915 942 963; x_wconf 84' lang='lat' dir='ltr'>Si,</span> <span class='ocrx_word' id='word_1_86' title='bbox 971 924 1013 954; x_wconf 89' lang='lat' dir='ltr'>ut</span> <span class='ocrx_word' id='word_1_87' title='bbox 1045 925 1151 966; x_wconf 86' lang='lat' dir='ltr'>opto,</span> <span class='ocrx_word' id='word_1_88' title='bbox 1188 931 1267 955; x_wconf 89' lang='lat' dir='ltr'>non</span> <span class='ocrx_word' id='word_1_89' title='bbox 1302 927 1530 969; x_wconf 81' lang='lat' dir='ltr'>prorogatur</span> 
     </span>
     <span class='ocr_line' id='line_1_13' title="bbox 198 980 1525 1030; baseline 0.004 -13"><span class='ocrx_word' id='word_1_90' title='bbox 198 987 376 1018; x_wconf 87' lang='lat' dir='ltr'>nostrum</span> <span class='ocrx_word' id='word_1_91' title='bbox 408 980 622 1030; x_wconf 82' lang='lat' dir='ltr'>negotium,</span> <span class='ocrx_word' id='word_1_92' title='bbox 659 982 788 1019; x_wconf 82' lang='lat' dir='ltr'>habeo</span> <span class='ocrx_word' id='word_1_93' title='bbox 825 981 985 1019; x_wconf 91' lang='lat' dir='ltr'>Iunium</span> <span class='ocrx_word' id='word_1_94' title='bbox 1021 989 1058 1019; x_wconf 90' lang='lat' dir='ltr'>et</span> <span class='ocrx_word' id='word_1_95' title='bbox 1092 981 1310 1030; x_wconf 85' lang='lat' dir='ltr'>Quintilem</span> <span class='ocrx_word' id='word_1_96' title='bbox 1338 983 1376 1020; x_wconf 90' lang='lat' dir='ltr'>in</span> <span class='ocrx_word' id='word_1_97' title='bbox 1408 992 1525 1022; x_wconf 85' lang='lat' dir='ltr'>metu.</span> 
     </span>
     <span class='ocr_line' id='line_1_14' title="bbox 200 1044 1530 1096; baseline 0.005 -15"><span class='ocrx_word' id='word_1_98' title='bbox 200 1044 321 1091; x_wconf 82' lang='lat' dir='ltr'>Esto;</span> <span class='ocrx_word' id='word_1_99' title='bbox 356 1045 456 1083; x_wconf 90' lang='lat' dir='ltr'>duos</span> <span class='ocrx_word' id='word_1_100' title='bbox 485 1045 648 1094; x_wconf 89' lang='lat' dir='ltr'>quidem</span> <span class='ocrx_word' id='word_1_101' title='bbox 676 1045 822 1083; x_wconf 88' lang='lat' dir='ltr'>mensis</span> <span class='ocrx_word' id='word_1_102' title='bbox 849 1046 1057 1085; x_wconf 86' lang='lat' dir='ltr'>sustinebit</span> <span class='ocrx_word' id='word_1_103' title='bbox 1087 1047 1261 1085; x_wconf 86' lang='lat' dir='ltr'>Bibulus.</span> <span class='ocrx_word' id='word_1_104' title='bbox 1322 1048 1430 1096; x_wconf 86' lang='lat' dir='ltr'>Quid</span> <span class='ocrx_word' id='word_1_105' title='bbox 1462 1048 1530 1087; x_wconf 88' lang='lat' dir='ltr'>illo</span> 
     </span>
     <span class='ocr_line' id='line_1_15' title="bbox 199 1110 1525 1161; baseline 0.003 -14"><span class='ocrx_word' id='word_1_106' title='bbox 199 1110 265 1147; x_wconf 86' lang='lat' dir='ltr'>fiet</span> <span class='ocrx_word' id='word_1_107' title='bbox 286 1123 404 1158; x_wconf 88' lang='lat' dir='ltr'>quem</span> <span class='ocrx_word' id='word_1_108' title='bbox 426 1110 629 1159; x_wconf 81' lang='lat' dir='ltr'>reliquero,</span> <span class='ocrx_word' id='word_1_109' title='bbox 653 1110 879 1160; x_wconf 88' lang='lat' dir='ltr'>praesertim</span> <span class='ocrx_word' id='word_1_110' title='bbox 907 1111 938 1148; x_wconf 92' lang='lat' dir='ltr'>si</span> <span class='ocrx_word' id='word_1_111' title='bbox 966 1113 1151 1149; x_wconf 88' lang='lat' dir='ltr'>fratrem?</span> <span class='ocrx_word' id='word_1_112' title='bbox 1180 1111 1274 1161; x_wconf 92' lang='lat' dir='ltr'>quid</span> <span class='ocrx_word' id='word_1_113' title='bbox 1297 1126 1359 1150; x_wconf 90' lang='lat' dir='ltr'>me</span> <span class='ocrx_word' id='word_1_114' title='bbox 1383 1121 1525 1160; x_wconf 89' lang='lat' dir='ltr'>autem,</span> 
     </span>
     <span class='ocr_line' id='line_1_16' title="bbox 142 1175 1527 1227; baseline 0.004 -16"><span class='ocrx_word' id='word_1_115' title='bbox 142 1187 178 1218; x_wconf 87' lang='lat'>¹5</span> <span class='ocrx_word' id='word_1_116' title='bbox 198 1175 229 1213; x_wconf 91' lang='lat' dir='ltr'>si</span> <span class='ocrx_word' id='word_1_117' title='bbox 257 1189 337 1213; x_wconf 92' lang='lat' dir='ltr'>non</span> <span class='ocrx_word' id='word_1_118' title='bbox 365 1183 445 1213; x_wconf 85' lang='lat' dir='ltr'>tam</span> <span class='ocrx_word' id='word_1_119' title='bbox 475 1175 553 1215; x_wconf 88' lang='lat' dir='ltr'>cito</span> <span class='ocrx_word' id='word_1_120' title='bbox 580 1177 763 1215; x_wconf 87' lang='lat' dir='ltr'>decedo?</span> <span class='ocrx_word' id='word_1_121' title='bbox 813 1178 960 1227; x_wconf 87' lang='lat' dir='ltr'>Magna</span> <span class='ocrx_word' id='word_1_122' title='bbox 990 1178 1104 1215; x_wconf 89' lang='lat' dir='ltr'>turba</span> <span class='ocrx_word' id='word_1_123' title='bbox 1133 1184 1200 1215; x_wconf 89' lang='lat' dir='ltr'>est.</span> <span class='ocrx_word' id='word_1_124' title='bbox 1267 1177 1368 1216; x_wconf 87' lang='lat' dir='ltr'>Mihi</span> <span class='ocrx_word' id='word_1_125' title='bbox 1395 1186 1527 1217; x_wconf 90' lang='lat' dir='ltr'>tamen</span> 
     </span>
     <span class='ocr_line' id='line_1_17' title="bbox 198 1240 1528 1281; baseline 0.002 -3"><span class='ocrx_word' id='word_1_126' title='bbox 198 1254 289 1278; x_wconf 91' lang='lat' dir='ltr'>cum</span> <span class='ocrx_word' id='word_1_127' title='bbox 313 1240 500 1279; x_wconf 87' lang='lat' dir='ltr'>Deiotaro</span> <span class='ocrx_word' id='word_1_128' title='bbox 522 1241 707 1279; x_wconf 80' lang='lat' dir='ltr'>convenit</span> <span class='ocrx_word' id='word_1_129' title='bbox 728 1249 769 1279; x_wconf 92' lang='lat' dir='ltr'>ut</span> <span class='ocrx_word' id='word_1_130' title='bbox 790 1240 854 1279; x_wconf 91' lang='lat' dir='ltr'>ille</span> <span class='ocrx_word' id='word_1_131' title='bbox 875 1241 915 1279; x_wconf 92' lang='lat' dir='ltr'>in</span> <span class='ocrx_word' id='word_1_132' title='bbox 937 1242 1032 1280; x_wconf 90' lang='lat' dir='ltr'>meis</span> <span class='ocrx_word' id='word_1_133' title='bbox 1054 1242 1188 1280; x_wconf 90' lang='lat' dir='ltr'>castris</span> <span class='ocrx_word' id='word_1_134' title='bbox 1215 1250 1317 1280; x_wconf 86' lang='lat' dir='ltr'>esset</span> <span class='ocrx_word' id='word_1_135' title='bbox 1337 1256 1427 1280; x_wconf 92' lang='lat' dir='ltr'>cum</span> <span class='ocrx_word' id='word_1_136' title='bbox 1448 1243 1528 1281; x_wconf 91' lang='lat' dir='ltr'>suis</span> 
     </span>
     <span class='ocr_line' id='line_1_18' title="bbox 198 1304 1529 1357; baseline 0.002 -15"><span class='ocrx_word' id='word_1_137' title='bbox 198 1304 322 1355; x_wconf 92' lang='lat' dir='ltr'>copiis</span> <span class='ocrx_word' id='word_1_138' title='bbox 360 1305 556 1344; x_wconf 90' lang='lat' dir='ltr'>omnibus.</span> <span class='ocrx_word' id='word_1_139' title='bbox 627 1307 764 1344; x_wconf 84' lang='lat' dir='ltr'>Habet</span> <span class='ocrx_word' id='word_1_140' title='bbox 801 1314 934 1345; x_wconf 88' lang='lat' dir='ltr'>autem</span> <span class='ocrx_word' id='word_1_141' title='bbox 972 1307 1145 1345; x_wconf 91' lang='lat' dir='ltr'>cohortis</span> <span class='ocrx_word' id='word_1_142' title='bbox 1184 1307 1529 1357; x_wconf 83' lang='lat' dir='ltr'>quadringenarias</span> 
     </span>
     <span class='ocr_line' id='line_1_19' title="bbox 198 1372 1530 1422; baseline 0.002 -14"><span class='ocrx_word' id='word_1_143' title='bbox 198 1379 330 1409; x_wconf 89' lang='lat' dir='ltr'>nostra</span> <span class='ocrx_word' id='word_1_144' title='bbox 363 1379 558 1409; x_wconf 85' lang='lat' dir='ltr'>armatura</span> <span class='ocrx_word' id='word_1_145' title='bbox 596 1383 699 1419; x_wconf 80' lang='lat' dir='ltr'>xxx,</span> <span class='ocrx_word' id='word_1_146' title='bbox 731 1372 909 1422; x_wconf 89' lang='lat' dir='ltr'>equitum</span> <span class='ocrx_word' id='word_1_147' title='bbox 943 1384 1009 1411; x_wconf 75' lang='lat' dir='ltr'>cio</span> <span class='ocrx_word' id='word_1_148' title='bbox 1043 1384 1119 1411; x_wconf 77' lang='lat' dir='ltr'>cio.</span> <span class='ocrx_word' id='word_1_149' title='bbox 1180 1372 1263 1410; x_wconf 87' lang='lat' dir='ltr'>Erit</span> <span class='ocrx_word' id='word_1_150' title='bbox 1296 1375 1347 1410; x_wconf 80' lang='lat' dir='ltr'>ad</span> <span class='ocrx_word' id='word_1_151' title='bbox 1380 1381 1530 1412; x_wconf 88' lang='lat' dir='ltr'>susten-</span> 
     </span>
     <span class='ocr_line' id='line_1_20' title="bbox 198 1437 1528 1487; baseline 0.002 -13"><span class='ocrx_word' id='word_1_152' title='bbox 198 1437 364 1474; x_wconf 89' lang='lat' dir='ltr'>tandum</span> <span class='ocrx_word' id='word_1_153' title='bbox 396 1438 528 1486; x_wconf 88' lang='lat' dir='ltr'>quoad</span> <span class='ocrx_word' id='word_1_154' title='bbox 560 1437 773 1487; x_wconf 86' lang='lat' dir='ltr'>Pompeius</span> <span class='ocrx_word' id='word_1_155' title='bbox 803 1437 958 1485; x_wconf 76' lang='lat' dir='ltr'>veniat3</span> <span class='ocrx_word' id='word_1_156' title='bbox 996 1437 1063 1486; x_wconf 91' lang='lat' dir='ltr'>qui</span> <span class='ocrx_word' id='word_1_157' title='bbox 1094 1437 1228 1475; x_wconf 89' lang='lat' dir='ltr'>litteris</span> <span class='ocrx_word' id='word_1_158' title='bbox 1259 1451 1355 1487; x_wconf 90' lang='lat' dir='ltr'>quas</span> <span class='ocrx_word' id='word_1_159' title='bbox 1384 1440 1434 1477; x_wconf 89' lang='lat' dir='ltr'>ad</span> <span class='ocrx_word' id='word_1_160' title='bbox 1466 1452 1528 1477; x_wconf 88' lang='lat' dir='ltr'>me</span> 
     </span>
     <span class='ocr_line' id='line_1_21' title="bbox 141 1501 1528 1552; baseline 0.002 -14"><span class='ocrx_word' id='word_1_161' title='bbox 141 1518 180 1539; x_wconf 90' lang='lat'>20</span> <span class='ocrx_word' id='word_1_162' title='bbox 199 1501 316 1539; x_wconf 87' lang='lat' dir='ltr'>mittit</span> <span class='ocrx_word' id='word_1_163' title='bbox 351 1501 543 1551; x_wconf 86' lang='lat' dir='ltr'>significat</span> <span class='ocrx_word' id='word_1_164' title='bbox 574 1516 689 1540; x_wconf 91' lang='lat' dir='ltr'>suum</span> <span class='ocrx_word' id='word_1_165' title='bbox 728 1502 929 1552; x_wconf 89' lang='lat' dir='ltr'>negotium</span> <span class='ocrx_word' id='word_1_166' title='bbox 969 1501 1065 1540; x_wconf 89' lang='lat' dir='ltr'>illud</span> <span class='ocrx_word' id='word_1_167' title='bbox 1104 1503 1195 1540; x_wconf 90' lang='lat' dir='ltr'>fore.</span> <span class='ocrx_word' id='word_1_168' title='bbox 1262 1502 1454 1541; x_wconf 87' lang='lat' dir='ltr'>Hiemant</span> <span class='ocrx_word' id='word_1_169' title='bbox 1488 1503 1528 1541; x_wconf 88' lang='lat' dir='ltr'>in</span> 
     </span>
     <span class='ocr_line' id='line_1_22' title="bbox 197 1567 1529 1618; baseline 0.002 -14"><span class='ocrx_word' id='word_1_170' title='bbox 197 1574 329 1604; x_wconf 85' lang='lat' dir='ltr'>nostra</span> <span class='ocrx_word' id='word_1_171' title='bbox 363 1567 564 1616; x_wconf 89' lang='lat' dir='ltr'>provincia</span> <span class='ocrx_word' id='word_1_172' title='bbox 600 1567 755 1614; x_wconf 76' lang='lat' dir='ltr'>Parthi3</span> <span class='ocrx_word' id='word_1_173' title='bbox 798 1574 1044 1617; x_wconf 79' lang='lat' dir='ltr'>exspectatur</span> <span class='ocrx_word' id='word_1_174' title='bbox 1078 1567 1160 1617; x_wconf 89' lang='lat' dir='ltr'>ipse</span> <span class='ocrx_word' id='word_1_175' title='bbox 1195 1568 1359 1606; x_wconf 89' lang='lat' dir='ltr'>Orodes.</span> <span class='ocrx_word' id='word_1_176' title='bbox 1420 1569 1529 1618; x_wconf 92' lang='lat' dir='ltr'>Quid</span> 
     </span>
     <span class='ocr_line' id='line_1_23' title="bbox 197 1631 916 1682; baseline 0.001 -13"><span class='ocrx_word' id='word_1_177' title='bbox 197 1631 380 1681; x_wconf 83' lang='lat' dir='ltr'>quaeris?</span> <span class='ocrx_word' id='word_1_178' title='bbox 417 1632 662 1682; x_wconf 90' lang='lat' dir='ltr'>aliquantum</span> <span class='ocrx_word' id='word_1_179' title='bbox 690 1640 748 1670; x_wconf 88' lang='lat' dir='ltr'>est</span> <span class='ocrx_word' id='word_1_180' title='bbox 774 1631 916 1682; x_wconf 87' lang='lat' dir='ltr'>negoti.</span> 
     </span>
    </p>
   </div>
   <div class='ocr_carea' id='block_1_3' title="bbox 1551 731 1595 769">
    <p class='ocr_par' dir='ltr' id='par_1_3' title="bbox 1551 731 1595 769">
     <span class='ocr_line' id='line_1_24' title="bbox 1551 731 1595 769; baseline 0 0"><span class='ocrx_word' id='word_1_181' title='bbox 1551 731 1595 769; x_wconf 90' lang='lat'>14</span> 
     </span>
    </p>
   </div>
   <div class='ocr_carea' id='block_1_4' title="bbox 253 1697 1592 1749">
    <p class='ocr_par' dir='ltr' id='par_1_4' title="bbox 253 1697 1592 1749">
     <span class='ocr_line' id='line_1_25' title="bbox 253 1697 1592 1749; baseline 0.002 -15"><span class='ocrx_word' id='word_1_182' title='bbox 253 1699 314 1735; x_wconf 87' lang='lat' dir='ltr'>De</span> <span class='ocrx_word' id='word_1_183' title='bbox 345 1697 475 1735; x_wconf 85' lang='lat' dir='ltr'>Bibuli</span> <span class='ocrx_word' id='word_1_184' title='bbox 511 1697 642 1736; x_wconf 89' lang='lat' dir='ltr'>edicto</span> <span class='ocrx_word' id='word_1_185' title='bbox 674 1697 771 1734; x_wconf 93' lang='lat' dir='ltr'>nihil</span> <span class='ocrx_word' id='word_1_186' title='bbox 810 1697 902 1735; x_wconf 92' lang='lat' dir='ltr'>novi</span> <span class='ocrx_word' id='word_1_187' title='bbox 936 1706 1087 1747; x_wconf 88' lang='lat' dir='ltr'>praeter</span> <span class='ocrx_word' id='word_1_188' title='bbox 1118 1697 1223 1736; x_wconf 87' lang='lat' dir='ltr'>illam</span> <span class='ocrx_word' id='word_1_189' title='bbox 1255 1699 1528 1749; x_wconf 80' lang='lat' dir='ltr'>exceptionem</span> <span class='ocrx_word' id='word_1_190' title='bbox 1548 1707 1592 1747; x_wconf 89' lang='lat'>15</span> 
     </span>
    </p>
   </div>
   <div class='ocr_carea' id='block_1_5' title="bbox 138 1763 1529 2267">
    <p class='ocr_par' dir='ltr' id='par_1_5' title="bbox 138 1763 1529 2267">
     <span class='ocr_line' id='line_1_26' title="bbox 197 1763 1529 1813; baseline 0.002 -13"><span class='ocrx_word' id='word_1_191' title='bbox 197 1763 247 1800; x_wconf 92' lang='lat' dir='ltr'>de</span> <span class='ocrx_word' id='word_1_192' title='bbox 282 1776 359 1812; x_wconf 91' lang='lat' dir='ltr'>qua</span> <span class='ocrx_word' id='word_1_193' title='bbox 393 1770 434 1800; x_wconf 94' lang='lat' dir='ltr'>tu</span> <span class='ocrx_word' id='word_1_194' title='bbox 467 1763 519 1801; x_wconf 88' lang='lat' dir='ltr'>ad</span> <span class='ocrx_word' id='word_1_195' title='bbox 559 1776 621 1801; x_wconf 86' lang='lat' dir='ltr'>me</span> <span class='ocrx_word' id='word_1_196' title='bbox 660 1763 867 1812; x_wconf 88' lang='lat' dir='ltr'>scripseras</span> <span class='ocrx_word' id='word_1_197' title='bbox 905 1763 1042 1801; x_wconf 86' lang='lat' dir='ltr'>‘nimis</span> <span class='ocrx_word' id='word_1_198' title='bbox 1076 1763 1180 1813; x_wconf 86' lang='lat' dir='ltr'>gravi</span> <span class='ocrx_word' id='word_1_199' title='bbox 1214 1764 1455 1813; x_wconf 88' lang='lat' dir='ltr'>praeiudicio</span> <span class='ocrx_word' id='word_1_200' title='bbox 1489 1765 1529 1803; x_wconf 89' lang='lat' dir='ltr'>in</span> 
     </span>
     <span class='ocr_line' id='line_1_27' title="bbox 140 1826 1529 1878; baseline 0.004 -15"><span class='ocrx_word' id='word_1_201' title='bbox 140 1836 178 1868; x_wconf 84' lang='lat'>25</span> <span class='ocrx_word' id='word_1_202' title='bbox 198 1826 376 1864; x_wconf 89' lang='lat' dir='ltr'>ordinem</span> <span class='ocrx_word' id='word_1_203' title='bbox 411 1829 613 1865; x_wconf 81' lang='lat' dir='ltr'>nostrum.&#39;</span> <span class='ocrx_word' id='word_1_204' title='bbox 676 1829 761 1877; x_wconf 87' lang='lat' dir='ltr'>Ego</span> <span class='ocrx_word' id='word_1_205' title='bbox 795 1834 927 1865; x_wconf 88' lang='lat' dir='ltr'>tamen</span> <span class='ocrx_word' id='word_1_206' title='bbox 961 1828 1090 1866; x_wconf 90' lang='lat' dir='ltr'>habeo</span> <span class='ocrx_word' id='word_1_207' title='bbox 1130 1828 1426 1878; x_wconf 82' lang='grc' dir='ltr'>ῑσοδυναμοῦσαν</span> <span class='ocrx_word' id='word_1_208' title='bbox 1459 1831 1529 1869; x_wconf 92' lang='lat' dir='ltr'>sed</span> 
     </span>
     <span class='ocr_line' id='line_1_28' title="bbox 197 1891 1526 1941; baseline 0.002 -12"><span class='ocrx_word' id='word_1_209' title='bbox 197 1891 400 1930; x_wconf 85' lang='lat' dir='ltr'>tectiorem</span> <span class='ocrx_word' id='word_1_210' title='bbox 430 1906 476 1930; x_wconf 83' lang='lat' dir='ltr'>ex</span> <span class='ocrx_word' id='word_1_211' title='bbox 512 1894 560 1941; x_wconf 91' lang='lat' dir='ltr'>Q.</span> <span class='ocrx_word' id='word_1_212' title='bbox 592 1892 702 1930; x_wconf 85' lang='lat' dir='ltr'>Muci</span> <span class='ocrx_word' id='word_1_213' title='bbox 734 1894 777 1929; x_wconf 91' lang='lat' dir='ltr'>P.</span> <span class='ocrx_word' id='word_1_214' title='bbox 804 1893 829 1929; x_wconf 88' lang='lat' dir='ltr'>f.</span> <span class='ocrx_word' id='word_1_215' title='bbox 857 1892 988 1931; x_wconf 87' lang='lat' dir='ltr'>edicto</span> <span class='ocrx_word' id='word_1_216' title='bbox 1016 1892 1200 1939; x_wconf 85' lang='lat' dir='ltr'>Asiatico,</span> <span class='ocrx_word' id='word_1_217' title='bbox 1232 1895 1380 1932; x_wconf 77' lang='lat' dir='ltr'>EXTRA</span> <span class='ocrx_word' id='word_1_218' title='bbox 1409 1907 1526 1939; x_wconf 77' lang='lat' dir='ltr'>QVAM</span> 
     </span>
     <span class='ocr_line' id='line_1_29' title="bbox 197 1968 1527 1997; baseline 0.003 -4"><span class='ocrx_word' id='word_1_219' title='bbox 197 1968 231 1993; x_wconf 82' lang='lat' dir='ltr'>SI</span> <span class='ocrx_word' id='word_1_220' title='bbox 261 1969 327 1994; x_wconf 81' lang='lat' dir='ltr'>ITA</span> <span class='ocrx_word' id='word_1_221' title='bbox 349 1969 566 1995; x_wconf 75' lang='lat' dir='ltr'>NEGOTIVM</span> <span class='ocrx_word' id='word_1_222' title='bbox 595 1969 758 1995; x_wconf 74' lang='lat' dir='ltr'>GESTVM</span> <span class='ocrx_word' id='word_1_223' title='bbox 787 1969 859 1994; x_wconf 80' lang='lat' dir='ltr'>EST</span> <span class='ocrx_word' id='word_1_224' title='bbox 886 1969 937 1994; x_wconf 80' lang='lat' dir='ltr'>VT</span> <span class='ocrx_word' id='word_1_225' title='bbox 965 1969 1017 1995; x_wconf 77' lang='lat' dir='ltr'>Eo</span> <span class='ocrx_word' id='word_1_226' title='bbox 1045 1969 1163 1995; x_wconf 75' lang='lat' dir='ltr'><strong>STARI</strong></span> <span class='ocrx_word' id='word_1_227' title='bbox 1195 1969 1282 1996; x_wconf 83' lang='lat' dir='ltr'>NON</span> <span class='ocrx_word' id='word_1_228' title='bbox 1310 1970 1527 1997; x_wconf 79' lang='lat' dir='ltr'>OPORTEAT</span> 
     </span>
     <span class='ocr_line' id='line_1_30' title="bbox 198 2023 1528 2071; baseline 0.003 -13"><span class='ocrx_word' id='word_1_229' title='bbox 198 2033 251 2058; x_wconf 77' lang='lat' dir='ltr'>Ex</span> <span class='ocrx_word' id='word_1_230' title='bbox 279 2034 374 2059; x_wconf 86' lang='lat' dir='ltr'>FIDE</span> <span class='ocrx_word' id='word_1_231' title='bbox 402 2034 525 2068; x_wconf 78' lang='lat' dir='ltr'>BONA,</span> <span class='ocrx_word' id='word_1_232' title='bbox 547 2023 748 2071; x_wconf 90' lang='lat' dir='ltr'>multaque</span> <span class='ocrx_word' id='word_1_233' title='bbox 773 2035 860 2059; x_wconf 89' lang='lat' dir='ltr'>sum</span> <span class='ocrx_word' id='word_1_234' title='bbox 882 2029 1038 2060; x_wconf 88' lang='lat' dir='ltr'>secutus</span> <span class='ocrx_word' id='word_1_235' title='bbox 1060 2024 1281 2070; x_wconf 84' lang='lat' dir='ltr'>Scaevolae,</span> <span class='ocrx_word' id='word_1_236' title='bbox 1305 2023 1344 2061; x_wconf 89' lang='lat' dir='ltr'>in</span> <span class='ocrx_word' id='word_1_237' title='bbox 1365 2023 1410 2061; x_wconf 90' lang='lat' dir='ltr'>iis</span> <span class='ocrx_word' id='word_1_238' title='bbox 1431 2024 1528 2062; x_wconf 91' lang='lat' dir='ltr'>illud</span> 
     </span>
     <span class='ocr_line' id='line_1_31' title="bbox 196 2085 1529 2135; baseline 0.003 -12"><span class='ocrx_word' id='word_1_239' title='bbox 196 2085 236 2123; x_wconf 92' lang='lat' dir='ltr'>in</span> <span class='ocrx_word' id='word_1_240' title='bbox 270 2100 349 2135; x_wconf 93' lang='lat' dir='ltr'>quo</span> <span class='ocrx_word' id='word_1_241' title='bbox 388 2086 462 2124; x_wconf 88' lang='lat' dir='ltr'>sibi</span> <span class='ocrx_word' id='word_1_242' title='bbox 502 2086 721 2125; x_wconf 87' lang='lat' dir='ltr'>libertatem</span> <span class='ocrx_word' id='word_1_243' title='bbox 761 2094 924 2124; x_wconf 87' lang='lat' dir='ltr'>censent</span> <span class='ocrx_word' id='word_1_244' title='bbox 957 2087 1097 2125; x_wconf 88' lang='lat' dir='ltr'>Graeci</span> <span class='ocrx_word' id='word_1_245' title='bbox 1137 2089 1285 2135; x_wconf 79' lang='lat' dir='ltr'>datam,</span> <span class='ocrx_word' id='word_1_246' title='bbox 1316 2095 1358 2126; x_wconf 90' lang='lat' dir='ltr'>ut</span> <span class='ocrx_word' id='word_1_247' title='bbox 1389 2088 1529 2127; x_wconf 87' lang='lat' dir='ltr'>Graeci</span> 
     </span>
     <span class='ocr_line' id='line_1_32' title="bbox 138 2149 1527 2200; baseline 0.002 -12"><span class='ocrx_word' id='word_1_248' title='bbox 138 2162 177 2192; x_wconf 79' lang='lat'>30</span> <span class='ocrx_word' id='word_1_249' title='bbox 195 2149 295 2189; x_wconf 87' lang='lat' dir='ltr'>inter</span> <span class='ocrx_word' id='word_1_250' title='bbox 334 2164 374 2189; x_wconf 91' lang='lat' dir='ltr'>se</span> <span class='ocrx_word' id='word_1_251' title='bbox 413 2151 634 2200; x_wconf 89' lang='lat' dir='ltr'>disceptent</span> <span class='ocrx_word' id='word_1_252' title='bbox 673 2150 752 2188; x_wconf 89' lang='lat' dir='ltr'>suis</span> <span class='ocrx_word' id='word_1_253' title='bbox 791 2151 952 2200; x_wconf 86' lang='lat' dir='ltr'>legibus.</span> <span class='ocrx_word' id='word_1_254' title='bbox 1025 2154 1149 2190; x_wconf 81' lang='lat' dir='ltr'>Breve</span> <span class='ocrx_word' id='word_1_255' title='bbox 1187 2160 1319 2190; x_wconf 85' lang='lat' dir='ltr'>autem</span> <span class='ocrx_word' id='word_1_256' title='bbox 1353 2153 1527 2191; x_wconf 88' lang='lat' dir='ltr'>edictum</span> 
     </span>
     <span class='ocr_line' id='line_1_33' title="bbox 195 2216 1527 2267; baseline 0.003 -15"><span class='ocrx_word' id='word_1_257' title='bbox 195 2223 253 2253; x_wconf 89' lang='lat' dir='ltr'>est</span> <span class='ocrx_word' id='word_1_258' title='bbox 287 2223 444 2265; x_wconf 90' lang='lat' dir='ltr'>propter</span> <span class='ocrx_word' id='word_1_259' title='bbox 478 2217 580 2253; x_wconf 90' lang='lat' dir='ltr'>hanc</span> <span class='ocrx_word' id='word_1_260' title='bbox 615 2229 744 2253; x_wconf 87' lang='lat' dir='ltr'>meam</span> <span class='ocrx_word' id='word_1_261' title='bbox 778 2216 955 2266; x_wconf 71' lang='grc' dir='ltr'>διαίρεσιν</span> <span class='ocrx_word' id='word_1_262' title='bbox 988 2218 1096 2265; x_wconf 90' lang='lat' dir='ltr'>quod</span> <span class='ocrx_word' id='word_1_263' title='bbox 1128 2217 1285 2255; x_wconf 87' lang='lat' dir='ltr'>duobus</span> <span class='ocrx_word' id='word_1_264' title='bbox 1318 2218 1527 2267; x_wconf 87' lang='lat' dir='ltr'>generibus</span> 
     </span>
    </p>
   </div>
   <div class='ocr_carea' id='block_1_6' title="bbox 196 2303 1528 2432">
    <p class='ocr_par' dir='ltr' id='par_1_6' title="bbox 196 2303 1528 2432">
     <span class='ocr_line' id='line_1_34' title="bbox 240 2303 1526 2345; baseline 0.002 -12"><span class='ocrx_word' id='word_1_265' title='bbox 240 2315 258 2333; x_wconf 82' lang='lat'>:2</span> <span class='ocrx_word' id='word_1_266' title='bbox 283 2303 374 2343; x_wconf 86' lang='lat' dir='ltr'>cum]</span> <span class='ocrx_word' id='word_1_267' title='bbox 391 2314 490 2342; x_wconf 87' lang='lat' dir='ltr'>quum</span> <span class='ocrx_word' id='word_1_268' title='bbox 504 2314 579 2333; x_wconf 89' lang='lat' dir='ltr'>cum</span> <span class='ocrx_word' id='word_1_269' title='bbox 596 2303 716 2334; x_wconf 66' lang='lat' dir='ltr'>Bossns</span> <span class='ocrx_word' id='word_1_270' title='bbox 786 2304 927 2334; x_wconf 80' lang='lat' dir='ltr'>alterum</span> <span class='ocrx_word' id='word_1_271' title='bbox 941 2314 1015 2335; x_wconf 89' lang='lat' dir='ltr'>cum</span> <span class='ocrx_word' id='word_1_272' title='bbox 1029 2304 1104 2335; x_wconf 79' lang='lat' dir='ltr'>add.</span> <span class='ocrx_word' id='word_1_273' title='bbox 1120 2304 1238 2336; x_wconf 78' lang='lat' dir='ltr'>Lamb.</span> <span class='ocrx_word' id='word_1_274' title='bbox 1331 2316 1351 2345; x_wconf 86' lang='lat'>3</span> <span class='ocrx_word' id='word_1_275' title='bbox 1378 2307 1526 2337; x_wconf 85' lang='lat' dir='ltr'>Rhosica</span> 
     </span>
     <span class='ocr_line' id='line_1_35' title="bbox 196 2346 1528 2387; baseline 0.002 -10"><span class='ocrx_word' id='word_1_276' title='bbox 196 2346 317 2377; x_wconf 78' lang='lat' dir='ltr'>vasaZ</span> <span class='ocrx_word' id='word_1_277' title='bbox 333 2348 422 2384; x_wconf 80' lang='lat' dir='ltr'>(teste</span> <span class='ocrx_word' id='word_1_278' title='bbox 431 2346 575 2387; x_wconf 81' lang='lat' dir='ltr'>Baitero)</span> <span class='ocrx_word' id='word_1_279' title='bbox 592 2359 598 2377; x_wconf 76' lang='grc' dir='ltr'><strong><em>ς</em></strong></span> <span class='ocrx_word' id='word_1_280' title='bbox 626 2347 796 2378; x_wconf 83' lang='lat' dir='ltr'>Rhosiaca</span> <span class='ocrx_word' id='word_1_281' title='bbox 812 2359 891 2379; x_wconf 84' lang='lat' dir='ltr'>vasa</span> <span class='ocrx_word' id='word_1_282' title='bbox 903 2347 933 2377; x_wconf 91' lang='lat' dir='ltr'><em>Z</em></span> <span class='ocrx_word' id='word_1_283' title='bbox 950 2350 1039 2387; x_wconf 75' lang='lat' dir='ltr'>(teste</span> <span class='ocrx_word' id='word_1_284' title='bbox 1055 2348 1169 2387; x_wconf 75' lang='lat' dir='ltr'>Bosz&#39;o)</span> <span class='ocrx_word' id='word_1_285' title='bbox 1188 2359 1194 2378; x_wconf 88' lang='lat'>:</span> <span class='ocrx_word' id='word_1_286' title='bbox 1221 2349 1311 2378; x_wconf 90' lang='lat' dir='ltr'>rhosi</span> <span class='ocrx_word' id='word_1_287' title='bbox 1335 2360 1469 2380; x_wconf 86' lang='lat' dir='ltr'>causam</span> <span class='ocrx_word' id='word_1_288' title='bbox 1490 2350 1528 2379; x_wconf 92' lang='lat' dir='ltr'><em>M</em></span> 
     </span>
     <span class='ocr_line' id='line_1_36' title="bbox 200 2390 1524 2432; baseline 0.002 -12"><span class='ocrx_word' id='word_1_289' title='bbox 200 2400 238 2420; x_wconf 93' lang='lat'>10</span> <span class='ocrx_word' id='word_1_290' title='bbox 263 2391 311 2420; x_wconf 73' lang='lat' dir='ltr'>inl</span> <span class='ocrx_word' id='word_1_291' title='bbox 327 2390 378 2421; x_wconf 70' lang='grc' dir='ltr'>ΟΣ</span> <span class='ocrx_word' id='word_1_292' title='bbox 396 2402 403 2420; x_wconf 89' lang='lat'>:</span> <span class='ocrx_word' id='word_1_293' title='bbox 427 2400 492 2421; x_wconf 81' lang='lat' dir='ltr'>om.</span> <span class='ocrx_word' id='word_1_294' title='bbox 514 2395 541 2420; x_wconf 90' lang='grc' dir='ltr'>Δ</span> <span class='ocrx_word' id='word_1_295' title='bbox 660 2393 698 2422; x_wconf 89' lang='lat'>18</span> <span class='ocrx_word' id='word_1_296' title='bbox 722 2391 780 2432; x_wconf 83' lang='lat' dir='ltr'>ad]</span> <span class='ocrx_word' id='word_1_297' title='bbox 801 2391 832 2422; x_wconf 90' lang='lat' dir='ltr'>id</span> <span class='ocrx_word' id='word_1_298' title='bbox 850 2391 928 2422; x_wconf 76' lang='lat' dir='ltr'>coni.</span> <span class='ocrx_word' id='word_1_299' title='bbox 948 2391 1036 2421; x_wconf 69' lang='lat' dir='ltr'><em>Reid</em></span> <span class='ocrx_word' id='word_1_300' title='bbox 1143 2400 1184 2431; x_wconf 85' lang='lat'>31</span> <span class='ocrx_word' id='word_1_301' title='bbox 1211 2396 1284 2423; x_wconf 80' lang='lat' dir='ltr'>ante</span> <span class='ocrx_word' id='word_1_302' title='bbox 1301 2393 1430 2423; x_wconf 85' lang='lat' dir='ltr'>duobus</span> <span class='ocrx_word' id='word_1_303' title='bbox 1448 2393 1524 2424; x_wconf 79' lang='lat' dir='ltr'>add.</span> 
     </span>
    </p>
   </div>
   <div class='ocr_carea' id='block_1_7' title="bbox 196 2433 1438 2509">
    <p class='ocr_par' dir='ltr' id='par_1_7' title="bbox 196 2433 1438 2509">
     <span class='ocr_line' id='line_1_37' title="bbox 196 2433 1438 2509; baseline 0.001 -46"><span class='ocrx_word' id='word_1_304' title='bbox 196 2434 237 2463; x_wconf 87' lang='lat' dir='ltr'>de</span> <span class='ocrx_word' id='word_1_305' title='bbox 257 2433 444 2474; x_wconf 67' lang='lat' dir='ltr'>lVescnberg</span> <span class='ocrx_word' id='word_1_306' title='bbox 1378 2479 1438 2509; x_wconf 75' lang='lat'>12*</span> 
     </span>
    </p>
   </div>
  </div>
 </body>
</html>
