1773 2651
154 181 272 218 VIII.
297 191 327 217 v
656 180 711 217 M.
744 180 912 216 TVLLI
945 179 1252 217 CICERONIS

320 283 361 319 V
548 287 619 319 Ser.
639 288 672 318 in
690 287 871 317 Formiano
886 287 932 317 vii
945 287 987 318 K.
1008 286 1107 318 Mart.
1127 298 1157 319 a.
1179 298 1234 327 705
1253 288 1340 329 (49).

682 359 855 390 CICERO
885 359 1065 390 ATTICO
1094 359 1204 391 SAL.

242 438 259 464 1
338 434 441 471 Cum
480 440 571 470 ante
610 434 738 471 lucem
772 445 844 469 vm
880 434 966 470 Kal.
1002 432 1146 471 litteras
1185 434 1235 471 ad
1275 441 1312 471 te
1343 435 1386 471 de
1419 433 1611 484 Dionysio

276 497 487 544 dedissem,
515 497 664 547 vesperi
695 499 745 536 ad
778 512 850 536 nos
880 499 1021 536 codem
1053 498 1116 536 die
1146 498 1252 537 venit
1282 498 1365 549 ipse
1397 498 1609 548 Dionysius

275 562 506 600 auctoritate
541 570 607 600 tua
638 570 850 612 permotus,
887 571 929 600 ut
963 562 1163 612 suspicor,
1202 563 1298 612 quid
1333 563 1437 601 enim
1473 572 1608 613 putem
1629 574 1646 606 5

276 627 413 665 aliud?
462 627 545 665 Etsi
570 629 668 665 solet
689 641 794 675 eum,
815 641 906 665 cum
933 627 1082 677 aliquid
1109 628 1252 666 furiose
1273 628 1375 675 fecit,
1398 628 1606 678 paenitere.

279 693 508 742 Numquam
533 700 665 731 autem
693 692 866 730 cerritior
886 692 957 730 fuit
978 706 1097 742 quam
1118 692 1158 730 in
1179 694 1255 731 hoc
1277 693 1445 742 negotio.
1506 695 1610 731 Nam

277 759 385 807 quod
413 759 463 796 ad
492 765 529 796 te
557 772 636 796 non
667 758 908 808 scripseram,
932 766 1069 809 postea
1095 758 1228 797 audivi
1254 772 1277 796 a
1305 758 1418 796 tertio
1446 758 1610 796 miliario

278 830 361 860 tum
383 837 472 861 eum
495 823 570 861 isse

476 891 603 926 πολλὰ
631 890 752 939 μάτην
781 891 978 939 κεράεσσιν
1007 893 1042 930 ἐς
1070 890 1160 939 ἠέρα
1190 889 1409 939 θυμήναντα,
1633 902 1673 924 10

278 955 414 1001 multa,
428 954 601 1003 inquam,
618 956 720 992 mala
736 968 826 992 cum
848 955 1007 994 dixisset
1025 970 1031 992 :
1062 968 1133 993 suo
1155 954 1286 1005 capiti,
1300 962 1341 992 ut
1362 954 1481 992 aiunt.
1533 955 1610 992 Sed

278 1033 328 1058 en
357 1033 485 1057 meam
514 1019 883 1058 mansuetudinem!
924 1020 1182 1058 Conieceram
1213 1019 1252 1057 in
1280 1019 1509 1057 fasciculum
1535 1032 1613 1056 una

277 1098 368 1122 curn
404 1093 470 1122 tua
500 1086 776 1123 vehementem
809 1086 859 1123 ad
892 1084 1000 1122 illum
1033 1084 1251 1134 epistulam.
1314 1086 1432 1123 Hanc
1466 1085 1516 1122 ad
1550 1097 1612 1121 me

278 1149 406 1187 referri
434 1151 524 1188 volo
556 1163 629 1188 nec
661 1151 780 1187 ullam
810 1150 863 1187 ob
894 1149 1009 1187 aliam
1045 1163 1203 1188 causam
1236 1149 1424 1187 Pollicem
1457 1162 1610 1187 servum

276 1228 300 1251 a
320 1214 488 1263 pedibus
517 1228 649 1252 meum
673 1216 843 1252 Romam
873 1214 969 1252 misi.
1032 1216 1092 1252 Eo
1112 1222 1244 1252 autem
1266 1215 1316 1252 ad
1338 1222 1375 1252 te
1400 1213 1534 1263 scripsi
1556 1221 1608 1260 ut,
1635 1226 1670 1257 15

278 1278 309 1316 si
339 1278 409 1316 tibi
440 1280 538 1317 forte
568 1279 720 1318 reddita
750 1287 865 1327 esset,
894 1279 989 1317 mihi
1022 1293 1176 1317 curares
1206 1280 1462 1325 referendam,
1492 1292 1542 1316 ne
1572 1278 1611 1316 in

278 1343 379 1381 illius
401 1357 541 1382 manus
562 1344 790 1394 perveniret.

234 1415 258 1442 2
333 1409 437 1446 Novi
476 1408 507 1446 si
547 1409 644 1458 quid
678 1417 779 1447 esset
814 1408 1066 1459 scripsissem.
1128 1410 1291 1448 Pendeo
1324 1409 1445 1447 animi
1480 1423 1613 1459 exspe-

278 1473 450 1512 ctatione
481 1476 524 1511 de
558 1488 597 1512 re
637 1474 883 1522 Corfiniensi,
918 1474 957 1511 in
996 1488 1074 1524 qua
1108 1476 1159 1513 de
1191 1476 1315 1513 salute
1344 1474 1397 1512 rei
1429 1474 1611 1524 publicae

277 1540 519 1578 decernetur.
579 1541 641 1578 Tu
676 1539 918 1586 fasciculum,
949 1539 1016 1589 qui
1047 1548 1105 1578 est
1139 1541 1204 1577 M’.
1236 1539 1356 1579 Curio
1389 1539 1608 1590 inscriptus,
1632 1552 1672 1574 20

277 1604 393 1642 velim
423 1618 534 1643 cures
563 1606 614 1644 ad
644 1619 735 1643 eum
765 1606 1041 1655 perferendum
1062 1605 1331 1654 Tironemque
1359 1605 1479 1644 Curio
1507 1618 1611 1643 com-

278 1671 441 1709 mendes
462 1678 500 1709 et
522 1678 562 1708 ut
583 1672 649 1709 det
671 1670 706 1708 ei
727 1670 757 1708 si
779 1670 875 1720 quid
896 1684 995 1721 opus
1016 1670 1087 1708 erit
1108 1670 1147 1708 in
1168 1678 1370 1720 sumptum
1392 1683 1512 1720 roges.

318 1777 386 1813 VI
431 1781 500 1813 Ser.
519 1782 552 1812 in
567 1782 750 1813 Formiano
766 1783 801 1813 ix
817 1782 859 1813 K.
881 1782 995 1822 Mart„
1018 1786 1054 1813 ut
1069 1781 1203 1821 videtur,
1224 1792 1253 1812 α.
1276 1791 1330 1821 705
1349 1781 1435 1822 (49).

691 1853 866 1884 CICERO
899 1853 1072 1884 ATTICO
1107 1852 1203 1883 SAL.

241 1935 257 1962 1
331 1924 549 1974 Obsignata
569 1924 645 1963 iam
668 1925 740 1963 ista
761 1925 928 1975 epistula
949 1939 1066 1974 quam
1089 1925 1139 1962 de
1163 1932 1280 1962 nocte
1301 1925 1462 1962 daturus
1489 1937 1609 1971 eram,
1630 1941 1668 1973 25

275 1988 374 2027 sicut
398 1989 491 2028 dedi
520 1991 627 2041 (nam
656 2003 742 2028 eam
769 1989 918 2039 vesperi
946 1989 1204 2039 scripseram),
1229 1990 1272 2028 C.
1297 1988 1430 2026 Sosius
1455 1996 1609 2038 praetor

316 2103 335 2131 3
361 2094 402 2124 de
434 2093 600 2132 Dionysio
626 2089 688 2124 Zb:
727 2094 895 2133 Dionysio
921 2097 944 2124 Σ
970 2093 1119 2124 241„an
1154 2104 1218 2123 om.
1249 2097 1276 2122 Δ
1411 2103 1427 2131 7
1453 2093 1610 2122 cerritior

273 2137 410 2167 Rosius:
445 2138 569 2167 certior
588 2137 628 2167 M
784 2148 817 2166 11
845 2148 921 2168 eum
940 2138 1068 2167 dixisse
1086 2137 1206 2166 Rosius
1296 2135 1364 2166 Sed
1391 2147 1433 2165 cn
1467 2136 1608 2175 Tyrrell:

273 2181 355 2210 sede
373 2180 461 2211 RO:
486 2182 547 2211 sed
565 2180 670 2213 MsP:
696 2181 755 2211 sed
774 2181 804 2212 O
823 2181 851 2211 L
877 2181 1019 2220 (matg.)
1038 2178 1106 2210 Zb:
1131 2180 1199 2210 Sed
1217 2180 1294 2209 vide
1312 2178 1436 2209 Mz'iller
1569 2188 1606 2218 15

274 2234 383 2254 meum
414 2224 511 2256 Victa
550 2226 635 2254 meis
659 2224 748 2255 codd.
770 2237 776 2255 z
806 2225 887 2263 sort.
911 2235 930 2254 a
955 2224 1031 2263 ped.
1052 2224 1136 2254 meis
1160 2227 1205 2253 est
1221 2223 1390 2263 glossema
1570 2233 1608 2261 ¹9

268 2271 341 2306 post
357 2268 614 2306 exspectatione
636 2268 750 2298 addidi
764 2269 805 2298 de
824 2279 879 2299 re:
906 2267 982 2298 add.
999 2268 1041 2297 de
1063 2267 1240 2297 obsidione
1268 2266 1343 2296 Otto
1484 2276 1526 2296 20
1550 2266 1607 2296 de-

273 2316 431 2342 cernetur
449 2312 548 2342 Rom.
567 2323 573 2341 :
599 2312 795 2342 decernitur
812 2311 903 2342 M-'l2
928 2312 1130 2341 decerneret
1148 2309 1204 2340 M¹
1296 2309 1351 2341 M’.
1370 2309 1453 2340 Man
1469 2321 1475 2340 :
1501 2309 1544 2340 M.
1561 2308 1604 2341 C:

273 2355 315 2384 de
336 2355 449 2385 Marco
466 2354 528 2385 M:
555 2355 634 2394 sort.
653 2355 696 2385 de
713 2355 777 2385 hnc
791 2354 1027 2395 transpositum
1044 2358 1090 2384 est
1105 2364 1143 2384 ex
1158 2354 1179 2384 l.
1208 2363 1256 2392 19.
1277 2353 1314 2392 cs.
1334 2364 1363 2391 9.
1383 2364 1402 2392 3
1563 2363 1604 2382 22

272 2402 306 2427 et
324 2402 358 2427 ut
377 2399 434 2428 det
453 2398 483 2428 ei
502 2398 604 2429 Boot:
637 2404 673 2429 ut
690 2399 732 2438 ei,
754 2403 788 2428 ut
813 2399 895 2438 petii
920 2397 1062 2428 Lamb.:
1098 2402 1132 2427 ut
1158 2402 1191 2427 ut
1217 2397 1285 2436 peti
1311 2396 1352 2426 M
1505 2406 1605 2434 roges

271 2439 328 2471 M:
355 2447 474 2479 eroget
498 2441 617 2473 Lamb.
772 2453 812 2480 25
838 2441 1028 2480 Obsignata
1053 2441 1117 2471 iam
1135 2441 1199 2471 ista
1216 2440 1363 2480 Kayser:
1392 2439 1604 2478 obsignatam

273 2485 335 2514 ista
361 2484 437 2515 M¹z
462 2485 641 2524 obsignata
660 2487 723 2515 iarn
748 2485 803 2515 M·-'
