1773 2651
122 168 192 206 IV.
210 168 329 204 viiia
639 169 693 205 Μ.
727 168 894 205 TVLLI
927 168 1233 207 CICERONIS

270 278 367 317 illud
395 279 544 317 melius.
606 279 714 327 Quid
745 279 850 317 enirn
878 280 954 317 hoc
982 279 1160 318 miserius
1190 293 1309 329 quam
1336 292 1427 317 eum
1448 279 1515 328 qui
1545 286 1602 317 tot

270 357 396 382 annos
428 352 524 393 quot
560 345 679 382 habet
708 344 936 394 designatus
971 346 1109 383 consul
1139 345 1252 383 fuerit
1282 344 1362 382 fieri
1398 345 1601 382 consulem

272 422 352 446 non
383 422 508 459 posse,
542 409 769 459 praesertim
802 423 894 447 cum
928 417 995 446 aut
1027 411 1132 447 solus
1166 416 1233 446 aut
1267 416 1371 447 certe
1403 423 1484 447 non
1515 411 1602 458 plus

272 487 390 523 quam
412 487 502 511 cum
523 476 644 511 altero
665 475 802 524 petat?
859 473 899 512 Si
919 487 1012 512 vero
1033 473 1073 511 id
1094 481 1162 519 est,
1187 474 1295 522 quod
1318 473 1450 510 nescio
1470 486 1520 510 an
1541 472 1599 518 sit,

272 546 314 576 ut
343 552 423 576 non
455 538 585 576 minus
613 540 748 588 longas
780 537 857 575 iam
886 537 925 575 in
956 538 1228 576 codicillorum
1250 538 1357 575 fastis
1384 539 1601 575 futurorum
1623 549 1641 580 5

272 605 478 642 consulum
497 603 699 653 paginulas
715 604 860 641 habeat
877 616 995 653 quam
1012 604 1215 649 factorum,
1231 602 1327 653 quid
1343 602 1410 641 illo
1427 602 1603 640 miserius

272 669 346 706 nisi
375 683 434 707 res
465 668 623 718 publica
657 668 697 706 in
732 682 810 718 qua
843 682 893 706 ne
928 676 1103 718 speratur
1134 668 1296 718 quidem
1331 667 1470 706 melius
1500 667 1604 717 quic-

228 746 252 783 3
272 735 421 784 quam?
479 735 540 771 De
574 735 694 771 Natta
725 747 771 771 ex
803 733 879 771 tuis
913 733 1085 783 primum
1117 732 1211 771 scivi
1242 733 1403 780 litteris3
1444 734 1605 771 oderam

272 799 484 836 hominem.
548 799 609 836 De
636 806 820 847 poemate
847 799 956 848 quod
985 797 1148 848 quaeris,
1173 798 1268 848 quid
1297 798 1328 836 si
1355 798 1487 848 cupiat
1513 799 1606 836 effu-

270 866 388 914 gere?
418 863 544 914 quid?
576 863 709 902 sinas?
768 865 829 902 De
859 863 983 902 Fabio
1009 865 1139 902 Lusco
1166 865 1274 913 quod
1301 877 1407 902 eram
1432 877 1602 910 exorsus,
1628 876 1666 898 10

271 931 393 968 homo
414 942 620 978 peramans
641 943 796 979 semper
822 929 945 967 nostri
970 929 1042 967 fuit
1063 943 1136 967 nec
1163 928 1259 967 mihi
1280 943 1470 979 umquam
1498 929 1601 968 odio.

273 995 372 1033 Satis
404 994 510 1033 enim
541 1002 679 1033 acutus
709 1002 747 1033 et
777 996 1053 1044 permodestus
1081 1008 1128 1033 ac
1160 995 1288 1033 bonae
1318 994 1427 1044 frugi.
1502 997 1605 1032 Eum

272 1060 364 1109 quia
395 1074 475 1098 non
506 1059 690 1098 videbam
720 1061 859 1098 abesse
889 1060 1103 1109 putabam:
1138 1059 1270 1098 audivi
1297 1073 1344 1097 ex
1374 1059 1500 1098 Gavio
1530 1061 1606 1098 hoc

273 1125 458 1163 Firmano
487 1127 641 1164 Romae
670 1139 756 1164 esse
786 1125 990 1164 hominem
1021 1133 1060 1164 et
1088 1125 1207 1164 fuisse
1236 1125 1459 1164 adsiduum.
1520 1127 1607 1163 Per-

271 1190 391 1228 cussit
425 1190 614 1228 animum.
688 1190 808 1229 Dices
847 1192 1094 1229 ‘Tantulane
1123 1192 1291 1229 causa?’
1333 1191 1532 1228 Permulta
1555 1191 1606 1228 ad
1629 1204 1666 1236 15

273 1270 336 1294 me
365 1257 558 1294 detulerat
589 1269 671 1293 non
701 1256 824 1294 dubia
855 1257 905 1294 de
938 1255 1131 1293 Firmanis
1165 1255 1356 1294 fratribus.
1418 1255 1526 1304 Quid
1559 1255 1607 1293 sit

274 1323 383 1371 quod
405 1335 444 1359 se
465 1335 487 1359 a
509 1335 571 1360 me
593 1321 767 1367 removit,
792 1321 823 1359 si
845 1322 967 1359 modo
988 1320 1166 1367 removit,
1187 1320 1334 1370 ignoro.

229 1392 256 1430 4
332 1388 393 1425 De
413 1400 461 1425 eo
489 1387 597 1436 quod
626 1400 689 1425 me
717 1400 855 1424 mones
883 1393 924 1423 ut
951 1393 989 1423 et
1015 1388 1213 1426 πολιτικῶς
1232 1399 1294 1423 me
1321 1398 1452 1435 geram
1480 1393 1518 1424 et
1541 1386 1609 1434 τὴν

275 1454 348 1490 ἔσω
367 1453 541 1504 γραμμὴν
562 1460 729 1498 teneam,
753 1451 806 1488 ita
826 1451 977 1488 faciam.
1038 1451 1116 1489 Sed
1144 1464 1243 1500 opus
1270 1458 1327 1488 est
1348 1450 1495 1489 maiore
1521 1464 1607 1500 pru-

273 1518 418 1565 dentia,
442 1531 561 1568 quam
591 1531 614 1555 a
644 1525 692 1563 te,
725 1525 767 1554 ut
801 1518 921 1563 soleo,
954 1523 1096 1566 petam.
1157 1517 1220 1552 Tu
1248 1515 1363 1553 velim
1391 1530 1437 1553 ex
1468 1515 1602 1563 Fabio,
1627 1530 1668 1552 20

273 1584 302 1621 si
339 1597 457 1633 quem
488 1584 611 1621 habes
640 1582 804 1628 aditum,
839 1583 1004 1620 odorere
1036 1589 1074 1619 et
1106 1581 1223 1618 istum
1255 1580 1462 1618 convivam
1494 1588 1606 1619 tuum

272 1650 455 1698 degustes
495 1656 533 1686 et
571 1649 622 1686 ad
658 1661 721 1685 me
756 1648 805 1685 de
840 1647 899 1684 his
935 1647 1051 1685 rebus
1086 1654 1124 1684 et
1157 1647 1207 1684 de
1242 1645 1427 1683 omnibus
1462 1646 1606 1684 cotidie

273 1714 429 1752 scribas.
490 1713 568 1751 Vbi
602 1712 699 1750 nihil
738 1712 809 1750 erit
847 1713 957 1762 quod
993 1711 1149 1757 scribas,
1185 1710 1225 1749 id
1264 1710 1392 1761 ipsum
1433 1711 1602 1750 scribito.

273 1780 378 1818 Cura
398 1787 439 1817 ut
460 1780 600 1817 valeas.

316 1897 383 1931 IX
607 1899 675 1930 Ser.
698 1899 836 1939 Neapoli
850 1900 881 1930 iv
897 1899 939 1930 K.
959 1899 1041 1931 Mai.
1060 1909 1089 1930 a.
1111 1900 1174 1939 699
1195 1900 1276 1938 (ΠΧ
1628 1901 1667 1933 25

697 1976 873 2006 CICERO
897 1976 1069 2006 ATTICO
1096 1975 1194 2006 SAL.

238 2066 254 2092 1
332 2057 433 2093 Sane
463 2054 578 2092 velim
607 2054 704 2092 scire
734 2067 829 2091 num
859 2067 1022 2091 censum
1051 2052 1267 2102 impediant
1294 2050 1439 2089 tribuni
1466 2050 1607 2088 diebus

276 2119 459 2159 vitiandis
495 2119 569 2169 (est
601 2119 707 2157 enim
743 2118 806 2156 hic
850 2117 998 2168 rumor)
1031 2125 1192 2167 totaque
1224 2118 1274 2155 de
1312 2129 1476 2154 censura
1511 2115 1606 2165 quid

318 2229 339 2256 6
363 2227 486 2256 habeat
506 2227 561 2265 (sc.
577 2224 770 2264 Pompeius‘»
786 2223 846 2254 M:
871 2223 1017 2254 habeant
1031 2222 1216 2253 Gronovius
1346 2230 1428 2259 9—11
1458 2220 1509 2250 De
1528 2230 1604 2259 poe-

275 2275 377 2304 mate,
400 2270 489 2308 quod
513 2279 604 2299 eram
627 2278 782 2305 exorsus,
802 2267 883 2306 quid
906 2268 934 2297 si
958 2267 1071 2305 cupiat
1094 2266 1263 2304 effugere?
1289 2263 1391 2303 quid?
1416 2264 1528 2294 sinas?
1554 2263 1606 2292 De

278 2313 381 2344 Fabio
401 2314 508 2343 Lusco
526 2313 616 2351 quod
633 2311 778 2350 quaeris,
799 2311 900 2341 homo
921 2311 998 2340 coni.
1030 2309 1154 2340 schulz
1289 2318 1326 2346 17
1353 2307 1497 2338 removit
1514 2305 1602 2336 codd.

277 2356 367 2396 qnod
379 2356 465 2386 docte
481 2355 622 2395 defendit
637 2354 780 2385 Muller:
805 2354 945 2385 remorit
959 2353 1107 2383 Ernesli:
1126 2351 1304 2382 removerit
1315 2351 1395 2381 σοιτί.
1419 2349 1609 2389 PVesenbetg

281 2410 318 2438 19
354 2399 417 2430 ἔσω
447 2400 561 2439 vulg.:
594 2411 634 2430 εω
666 2397 722 2431 Μ;
756 2397 814 2438 ἔξω
846 2397 941 2428 Man.
1100 2407 1139 2435 27
1180 2395 1366 2434 impediant
1398 2394 1510 2425 Ant.:
1549 2393 1606 2422 im-

277 2444 427 2483 pendant
445 2443 486 2472 M
