1773 2651
623 161 733 197 EPP.
767 161 844 196 AD
875 160 1134 197 ATTICVM
1443 160 1511 195 IV.
1535 157 1612 193 xvi

157 279 296 323 postea
324 271 535 310 revertitur.
596 271 727 309 Credo
758 271 963 307 Platonem
994 269 1056 306 vix
1085 276 1243 318 putasse
1278 268 1370 307 satis
1399 282 1489 306 con-

158 351 300 375 sonum
335 338 416 375 fore
446 335 477 374 si
508 335 711 373 hominem
742 334 781 372 id
812 334 949 372 aetatis
979 333 1018 371 in
1050 341 1128 371 tam
1159 335 1278 384 longo
1309 347 1489 372 sermone

157 402 304 441 diutius
331 401 564 440 retinuisset.
625 401 756 438 Multo
786 413 859 449 ego
890 398 1011 449 magis
1042 400 1118 437 hoc
1145 399 1241 436 mihi
1268 400 1488 437 cavendum

157 467 291 517 putavi
316 467 355 504 in
383 467 583 512 Scaevola,
605 465 671 514 qui
700 472 737 502 et
764 472 891 502 aetate
916 472 953 502 et
978 463 1203 502 valetudine
1233 472 1313 502 erat
1343 478 1389 502 ea
1413 478 1491 514 qua

120 542 138 574 5
158 545 249 570 eum
279 545 364 569 esse
394 530 606 569 meministi
642 538 679 568 et
707 529 752 567 iis
780 529 997 567 honoribus
1025 536 1067 566 ut
1093 528 1156 566 vix
1183 528 1274 566 satis
1302 530 1490 567 decorum

158 597 354 635 videretur
373 610 464 634 eum
486 595 606 645 pluris
628 595 712 633 dies
734 608 818 633 esse
840 594 879 631 in
902 594 1031 633 Crassi
1054 595 1291 632 Tusculano.
1342 596 1391 631 Et
1412 601 1491 632 erat

158 661 273 712 primi
303 660 389 699 libri
420 674 549 698 sermo
580 674 660 697 non
691 659 843 697 alienus
874 673 897 696 a
929 660 1140 697 Scaevolae
1173 658 1322 705 studiis,
1355 658 1492 708 reliqui

158 727 246 765 libri
269 727 511 778 τεχνολογίαν
536 725 694 770 habent,
719 732 761 762 ut
788 724 874 762 scis.
936 724 1045 762 Huic
1072 723 1327 762 ioculatorem
1356 737 1491 762 senem

159 792 280 838 illum,
304 799 347 829 ut
368 804 493 836 noras,
517 790 704 828 interesse
726 803 819 827 sane
841 789 961 827 nolui.

103 868 142 891 10
216 859 278 895 De
308 870 347 895 re
378 856 499 894 Piliae
529 856 638 905 quod
669 854 805 892 scribis
835 854 905 892 erit
934 854 1030 891 mihi
1061 867 1187 892 curae.
1248 854 1407 893 Etenim
1435 862 1493 892 est
1511 866 1537 902 4

159 924 359 961 luculenta
388 935 447 960 res
477 920 690 967 Aureliani,
723 928 764 958 ut
795 920 941 965 scribis,
974 919 1141 958 indiciis.
1202 921 1252 958 Et
1282 919 1321 957 in
1351 933 1400 959 eo
1430 934 1492 958 me

159 988 278 1026 etiam
299 987 453 1025 Tulliae
474 1000 586 1024 meae
607 985 832 1024 venditabo.
886 984 1070 1023 Vestorio
1090 999 1171 1023 non
1192 986 1343 1023 desum.
1401 986 1493 1023 Gra-

161 1061 244 1091 tum
275 1052 380 1091 enim
412 1051 482 1090 tibi
512 1051 553 1090 id
583 1064 668 1089 esse
698 1051 883 1100 intellego
917 1058 955 1088 et
987 1058 1029 1088 ut
1063 1049 1127 1088 ille
1157 1050 1355 1100 intellegat
1385 1064 1489 1088 curo.

164 1119 242 1157 Sed
264 1117 338 1155 scis
359 1117 456 1167 qui?
510 1118 613 1156 Cum
635 1116 779 1154 habeat
800 1117 880 1153 duo
902 1114 1024 1153 facilis
1046 1114 1143 1152 nihil
1163 1114 1369 1153 difficilius.

106 1194 144 1227 15
220 1185 338 1221 Nunc
358 1184 409 1221 ad
439 1196 484 1220 ea
504 1195 600 1231 quae
620 1180 773 1230 quaeris
803 1181 853 1218 de
881 1181 925 1219 C.
950 1181 1114 1219 Catone.
1175 1181 1280 1229 Lege
1313 1179 1426 1217 Iunia
1456 1188 1493 1218 et
1513 1192 1537 1230 5

165 1247 317 1287 Licinia
347 1247 422 1286 scis
453 1248 704 1292 absolutum3
744 1246 855 1283 Fufia
886 1258 958 1295 ego
993 1244 1063 1283 tibi
1095 1244 1234 1283 nuntio
1268 1245 1493 1283 absolutum

163 1314 206 1352 iri
229 1327 357 1363 neque
384 1313 558 1364 patronis
583 1312 662 1350 suis
694 1319 773 1349 tarn
799 1310 1013 1349 libentibus
1038 1323 1157 1359 quam
1186 1309 1491 1348 accusatoribus.

165 1382 204 1418 Is
226 1388 357 1417 tamen
379 1386 417 1417 et
433 1392 589 1417 mecum
607 1385 644 1415 et
662 1390 751 1415 cum
772 1375 924 1413 Milone
941 1375 980 1412 in
997 1374 1159 1424 gratiam
1176 1374 1299 1413 rediit.
1343 1376 1494 1412 Drusus

164 1458 252 1483 reus
284 1452 341 1483 est
373 1445 497 1482 factus
528 1457 550 1481 a
585 1441 780 1480 Lucretio.
847 1439 1052 1478 Iudicibus
1090 1439 1296 1478 reiciendis
1330 1440 1407 1476 dies
1444 1444 1498 1476 est

106 1522 148 1545 20
165 1511 285 1548 dictus
304 1523 336 1547 a.
360 1511 397 1548 d.
421 1521 445 1545 v
467 1510 571 1547 Non.
596 1507 731 1556 Quint.
794 1508 856 1544 De
884 1505 1053 1544 Procilio
1079 1518 1254 1544 rumores
1282 1518 1362 1542 non
1387 1503 1496 1551 boni,

164 1576 234 1613 sed
256 1574 400 1613 iudicia
420 1573 533 1612 nosti.
587 1572 728 1610 Hirrus
749 1584 839 1609 curn
865 1569 1043 1609 Domitio
1064 1570 1103 1607 in
1124 1569 1246 1619 gratia
1265 1577 1332 1608 est.
1381 1570 1496 1607 Sena-

163 1647 224 1678 tus
263 1641 487 1678 consultum
527 1640 636 1689 quod
675 1638 715 1675 hi
754 1638 937 1676 consules
976 1637 1027 1674 de
1065 1634 1275 1685 provinciis
1320 1636 1495 1672 fecerunt

164 1706 420 1753 QVICVMQVE
442 1715 627 1743 POSTHAC
648 1726 701 1730 —
721 1716 801 1740 non
824 1701 919 1739 mihi
941 1700 1095 1739 videtur
1116 1713 1201 1738 esse
1221 1699 1440 1737 valiturum.

220 1773 281 1809 De
310 1771 494 1808 Messalla
523 1770 631 1819 quod
659 1767 826 1818 quaeris,
847 1766 943 1816 quid
971 1766 1139 1804 scribam
1167 1764 1311 1803 nescio.
1372 1765 1495 1801 Num·
1514 1764 1677 1815 6(XV11.
1700 1762 1739 1814 2)

106 1848 145 1881 25
164 1849 284 1886 quam
318 1849 391 1885 ego
425 1835 505 1873 vidi
545 1842 625 1872 tam
664 1832 766 1883 paris
805 1832 1049 1870 candidatos.
1113 1831 1323 1868 Messallae
1361 1829 1495 1879 copias

165 1900 278 1939 nosti.
339 1902 527 1939 Scaurum
549 1898 722 1937 Triarius
747 1911 856 1935 reum
888 1896 989 1935 fecit.
1052 1896 1091 1935 Si
1117 1895 1284 1946 quaeris,
1306 1895 1412 1932 nulla
1439 1901 1497 1932 est

166 1979 309 2015 magno
330 1979 447 2015 opere
468 1972 669 2003 commota
689 1963 914 2012 συμπάθεια,
936 1962 1006 2000 sed
1027 1969 1159 2000 tamen
1180 1961 1299 1999 habet
1319 1959 1497 1998 aedilitas

165 2031 249 2069 eius
278 2030 508 2069 memoriam
537 2043 617 2068 non
645 2029 835 2078 ingratam
861 2036 899 2066 et
926 2036 984 2066 est
1012 2028 1169 2077 pondus
1198 2027 1304 2076 apud
1332 2025 1497 2063 rusticos

166 2096 206 2134 in
226 2096 344 2146 patris
369 2095 569 2134 memoria.
630 2094 789 2144 Reliqui
812 2095 893 2132 duo
917 2092 1060 2143 plebeii
1089 2092 1144 2130 sic
1169 2098 1435 2141 exaequantur
1456 2098 1498 2128 ut

108 2172 149 2203 30
169 2161 368 2200 Domitius
389 2163 514 2199 valeat
530 2159 666 2198 amicis
686 2159 892 2198 adiuvetur
913 2167 1044 2196 tamen
1062 2171 1143 2195 non
1160 2158 1264 2194 m'lzil
1278 2155 1498 2205 gratissimo

210 2258 229 2286 3
255 2249 360 2286 magis
376 2247 525 2278 Ernesti:
551 2246 633 2277 satis
652 2246 726 2275 116¹:
752 2246 857 2276 satius
883 2245 935 2274 Μ2
1090 2256 1109 2283 4
1133 2255 1199 2283 qua
1224 2254 1299 2274 eum
1323 2243 1498 2275 Biiclzeler:

166 2302 265 2330 quam
283 2291 342 2321 M:
366 2302 431 2330 qua
447 2291 535 2331 vulg.
649 2291 669 2319 8
695 2290 910 2319 ioculatorem
931 2288 979 2318 C:
1013 2287 1210 2318 ioculatorie
1231 2287 1338 2327 (riez'n
1364 2290 1495 2328 rasura)

167 2335 229 2365 M:
254 2335 469 2365 ioculatoriae
487 2334 709 2373 disputationi
727 2333 748 2362 I
881 2343 917 2371 14
942 2331 1017 2370 quil
1035 2332 1091 2370 qui
1104 2332 1149 2361 sit
1171 2330 1360 2371 lVesenbeaeg
1458 2341 1497 2370 15

167 2389 254 2418 quae
272 2377 348 2408 add.
367 2382 438 2409 vett.
545 2388 584 2416 19
609 2378 680 2407 dies
697 2382 748 2407 est
766 2376 877 2406 dictus
894 2375 968 2406 add.
990 2374 1131 2415 Madwg⁷
1146 2386 1152 2405 :
1178 2374 1347 2411 Lucretio,
1365 2374 1497 2405 iudiciis

168 2422 348 2452 reiciendis
365 2432 393 2452 a.
412 2422 442 2452 d.
462 2421 577 2451 Baiter
590 2431 597 2450 ε
612 2421 692 2459 sort.
713 2419 905 2450 addendum
923 2418 970 2448 m'l
985 2419 1050 2448 nisi
1063 2419 1148 2455 dies,
1161 2422 1236 2458 post
1251 2418 1317 2448 -dis
1334 2418 1497 2448 omissum

167 2475 221 2539 {ol
235 2465 408 2538 ηἰςέηᾱηὶὴίὶ
425 2463 634 2504 lVesenberg:
669 2474 736 2494 non
761 2463 821 2494 M:
855 2463 953 2493 etiam
977 2461 1118 2493 Scln'c'lz:
1153 2472 1219 2492 non
1243 2461 1353 2492 minus
1370 2461 1495 2535 ἐξίοῇεε

191 2519 228 2539 e.
280 2519 304 2539 ez
1393 2511 1409 2522 “·
