1773 2651
96 919 134 939 10

95 1601 134 1623 20

494 129 604 165 EPP.
638 129 715 164 AD
747 127 1005 166 ATTICVM
1417 126 1494 162 III.
1513 127 1559 161 ix

156 237 266 274 malis
297 236 335 274 in
367 245 473 274 metu
503 244 574 281 est,
596 236 719 274 fratris
750 236 878 274 miseri
906 235 1133 286 negotium3
1167 236 1275 285 quod
1302 235 1333 273 si
1361 235 1482 273 sciam

153 301 294 352 quoius
320 301 428 340 modi
449 301 507 347 sit,
531 301 650 339 sciam
676 301 771 351 quid
798 302 996 351 agendum
1029 300 1125 338 mihi
1152 300 1210 338 sit.
1272 303 1341 339 Me
1365 300 1482 339 etiam

154 380 259 404 nunc
280 366 441 404 istorum
465 366 746 404 beneficiorum
776 374 813 404 et
834 366 1047 404 litterarum
1076 365 1329 415 exspectatio,
1350 374 1392 404 ut
1413 366 1483 404 tibi

154 433 294 480 placet,
310 430 617 469 Thessalonicae
634 438 750 469 tenet.
794 430 833 469 Si
850 430 946 480 quid
963 430 1033 468 erit
1050 430 1140 468 novi
1156 432 1343 477 adlatum,
1362 431 1483 469 sciam

153 497 203 534 de
224 496 374 546 reliquo
395 495 491 545 quid
511 497 709 546 agendum
731 495 790 533 sit.
848 497 912 533 Tu
941 495 982 542 si,
1007 503 1049 533 ut
1073 495 1221 542 scribis,
1247 497 1334 534 Kal.
1361 496 1484 533 Iuniis

154 563 285 599 Roma
327 562 524 610 profectus
567 574 619 607 es,
666 574 787 611 prope
826 560 932 599 diem
972 575 1044 599 nos
1083 561 1246 599 videbis.
1318 561 1484 599 Litteras

152 640 250 676 quas
293 628 344 664 ad
391 626 626 676 Pompeium
674 626 808 676 scripsi
855 625 925 664 tibi
966 626 1062 664 misi.
1142 629 1246 665 Data
1292 627 1350 665 Id.
1394 629 1480 666 Iun.

152 691 469 730 Thessalonicae.

195 821 237 855 X
394 824 462 855 Ser.
490 824 731 856 Thessalonicae
745 825 801 856 xiv
817 825 860 857 K.
880 825 993 865 Quint.
1011 837 1040 857 a.
1063 826 1126 867 696
1144 826 1232 868 (58).

574 914 747 945 CICERO
771 913 943 946 ATTICO
968 914 1065 947 SAL.

206 1004 306 1040 Acta
327 1016 427 1052 quae
449 1010 579 1041 essent
599 1016 724 1053 usque
750 1004 802 1042 ad
823 1017 858 1040 α.
881 1005 915 1041 d.
940 1016 1013 1041 vl11
1038 1005 1125 1041 Kal.
1151 1004 1284 1042 Iunias
1312 1005 1478 1054 cognovi
1497 1017 1515 1044 1

152 1080 198 1104 ex
240 1066 315 1104 tuis
360 1067 520 1114 litteris,
568 1067 715 1117 reliqua
758 1069 1049 1117 exspectabam,
1088 1076 1130 1106 ut
1172 1068 1242 1106 tibi
1287 1070 1479 1118 placebat,

151 1131 469 1170 Thessalonicae.
531 1132 687 1181 Quibus
708 1132 847 1171 adlatis
875 1132 1026 1171 facilius
1054 1141 1223 1172 statuere
1250 1142 1387 1183 potero
1415 1134 1482 1172 ubi

153 1196 236 1234 sim.
298 1198 400 1235 Nam
424 1197 455 1235 si
476 1197 546 1235 erit
568 1211 695 1245 causa,
719 1198 750 1235 si
772 1198 868 1248 quid
895 1206 1042 1248 agetur,
1064 1198 1095 1236 si
1116 1212 1227 1249 spem
1249 1199 1394 1246 videro,
1417 1208 1483 1238 aut

114 1277 130 1307 5
153 1261 301 1300 ibidem
323 1262 502 1311 opperiar
528 1270 594 1300 aut
617 1276 679 1301 me
706 1264 757 1301 ad
785 1271 823 1301 te
850 1264 1075 1310 conseram3
1104 1263 1175 1310 sin,
1199 1271 1240 1302 ut
1265 1272 1307 1302 tu
1334 1264 1481 1311 scribis,

152 1326 225 1365 ista
255 1327 493 1374 evanuerint,
526 1327 676 1377 aliquid
709 1327 817 1366 aliud
848 1328 1081 1367 videbimus.
1142 1329 1319 1368 Omnino
1353 1331 1484 1368 adhuc

153 1391 248 1429 nihil
270 1392 366 1430 mihi
393 1392 619 1442 significatis
647 1393 719 1430 nisi
741 1393 978 1432 discordiam
1006 1394 1195 1441 istorum3
1229 1408 1331 1444 quae
1352 1403 1483 1433 tamen

153 1457 252 1495 inter
272 1471 339 1496 eos
360 1459 410 1496 de
431 1458 616 1497 omnibus
637 1458 768 1508 potius
789 1460 905 1497 rebus
926 1467 983 1497 est
1005 1473 1124 1509 quam
1145 1461 1195 1498 de
1217 1473 1290 1499 me.
1343 1462 1483 1510 Itaque

153 1522 248 1572 quid
289 1536 334 1561 ea
378 1522 473 1560 mihi
512 1523 633 1572 prosit
672 1523 806 1562 nescio
854 1525 924 1562 sed
963 1532 1095 1562 tamen
1135 1527 1267 1575 quoad
1312 1539 1375 1564 me
1413 1539 1482 1564 vos

153 1601 307 1638 sperare
347 1588 462 1627 vultis
501 1588 613 1627 vobis
652 1590 947 1639 obtemperabo.
1007 1591 1112 1628 Nam
1152 1592 1260 1640 quod
1300 1604 1363 1629 me
1402 1598 1526 1631 tarn2

152 1667 269 1704 saepe
304 1662 341 1692 et
376 1662 455 1692 tam
486 1655 740 1692 vehementer
768 1654 950 1704 obiurgas
981 1662 1019 1693 et
1049 1655 1182 1693 animo
1213 1655 1368 1694 infirmo
1398 1670 1482 1694 esse

151 1718 260 1765 dicis,
296 1733 454 1769 quaeso,
489 1720 645 1769 ecquod
692 1726 843 1757 tantum
887 1721 1033 1757 malum
1073 1728 1131 1758 est
1170 1722 1278 1770 quod
1317 1720 1355 1758 in
1396 1735 1483 1759 mea

152 1784 372 1823 calamitate
404 1799 484 1823 non
520 1784 598 1822 sit?
636 1783 770 1834 ecquis
800 1797 989 1834 umquam
1020 1792 1099 1822 tam
1129 1799 1175 1823 ex
1204 1787 1337 1834 amplo
1367 1793 1480 1832 statu,

152 1857 231 1887 tam
254 1849 293 1887 in
315 1851 421 1888 bona
443 1864 570 1897 causa,
590 1850 707 1888 tantis
729 1849 978 1888 facultatibus
1000 1849 1142 1900 ingeni,
1158 1850 1307 1897 consili,
1326 1851 1480 1900 gratiae,

153 1914 269 1953 tantis
291 1915 493 1966 praesidiis
515 1916 711 1954 bonorum
735 1915 914 1954 omnium
940 1914 1144 1953 concidit?
1200 1918 1366 1954 Possum
1389 1916 1484 1954 obli-

152 1980 246 2018 visci
273 1980 339 2030 qui
364 1981 515 2027 fuerim,
539 1995 619 2019 non
648 1980 791 2019 sentire
819 1980 886 2030 qui
917 1982 1003 2029 sim,
1031 1994 1111 2030 quo
1139 1994 1292 2020 caream
1320 1983 1480 2028 honore,

151 2059 229 2095 qua
266 2046 400 2095 gloria,
439 2046 582 2096 quibus
628 2046 769 2093 liberis,
811 2046 955 2096 quibus
1001 2046 1177 2093 fortunis,
1218 2060 1298 2096 quo
1340 2048 1484 2085 fratre?

153 2112 284 2160 Quem
324 2124 407 2161 ego,
445 2119 486 2149 ut
521 2125 668 2149 novum
704 2110 934 2149 calamitatis
969 2123 1092 2160 genus
1130 2112 1322 2158 attendas,
1359 2124 1481 2161 quom

152 2175 270 2225 pluris
299 2177 466 2214 facerem
497 2189 614 2225 quarn
644 2189 707 2214 me
732 2175 860 2225 ipsum
889 2188 1123 2225 semperque
1150 2175 1344 2223 fecissem,
1364 2175 1481 2214 vitavi

196 2289 215 2317 3
240 2280 499 2321 beneficiorum]
519 2281 730 2310 comitiorum
753 2279 937 2310 Gronovius
1114 2290 1148 2310 11
1177 2291 1203 2311 a.
1225 2280 1255 2310 d.
1277 2280 1352 2311 add.
1372 2280 1481 2310 Baiter

152 2333 192 2361 23
216 2330 283 2353 tam
302 2334 343 2353 ex
366 2324 478 2363 amplo
498 2329 680 2361 statu‚tam
704 2325 736 2353 in
756 2324 878 2355 Romu:
904 2329 970 2354 tam
990 2324 1162 2363 extemplo
1180 2335 1198 2354 a
1216 2329 1304 2354 statu
1324 2325 1357 2354 in
1377 2323 1418 2353 M
1433 2324 1480 2361 :jn

152 2367 284 2405 rasura)
