1773 2651
150 205 267 242 VIII.

237 645 252 671 1

227 2019 252 2045 2

291 205 390 243 xiie
650 207 705 243 M.
738 207 905 244 TVLLI
938 207 1244 246 CICERONIS

917 370 962 407 C.

572 470 641 502 So:
661 470 814 501 Luceriae
829 471 884 501 xiv
902 471 943 502 K.
966 470 1066 502 ,Mara
1089 482 1119 503 a.
1145 481 1198 511 705
1217 472 1302 513 (49).

358 553 428 584 CN.
455 553 650 584 MAGNVS
678 554 877 584 PROCOS.
905 554 938 584 S.
968 555 1005 585 D.
1036 555 1071 585 L.
1099 555 1297 586 DOMITIO
1325 556 1521 588 PROCOS.

326 631 492 669 Litteras
512 632 582 669 abs
610 640 646 669 te
670 634 724 669 M.
750 632 935 671 Calenius
962 633 1012 670 ad
1040 646 1102 671 me
1129 633 1256 671 attulit
1277 647 1309 672 a.
1333 635 1369 672 d.
1393 646 1486 672 xlm
1514 636 1602 672 Kal.

274 696 461 743 Martias,
503 697 542 734 in
577 697 719 746 quibus
749 697 884 735 litteris
917 697 1052 735 scribis
1086 698 1156 735 tibi
1191 698 1230 736 in
1261 699 1394 737 animo
1424 713 1508 738 esse
1540 700 1606 738 ob-
1625 711 1642 742 5

271 774 422 799 servare
444 763 652 800 Caesarem
674 770 722 809 et,
745 763 775 800 si
797 764 1016 801 secundum
1039 777 1143 802 mare
1163 766 1213 802 ad
1236 778 1298 802 me
1319 765 1372 803 ire
1399 765 1603 815 coepisset,

272 826 480 864 confestim
520 827 558 864 in
598 827 801 865 Samnium
841 829 891 866 ad
932 842 994 866 me
1026 837 1244 876 venturum,
1279 830 1337 867 sin
1371 838 1502 868 autem
1542 830 1606 868 ille

273 890 419 929 circum
451 891 569 930 istaec
604 894 690 930 loca
724 901 1041 941 commoraretur,
1075 902 1112 932 te
1142 894 1188 941 ei,
1221 895 1251 932 si
1286 895 1445 944 propius
1478 908 1603 933 acces-

271 957 394 1004 sisset,
426 959 601 997 resistere
630 961 738 997 velle.

325 1025 383 1061 Te
412 1023 545 1062 animo
576 1038 718 1074 magno
746 1033 783 1062 et
813 1025 900 1063 forti
931 1025 1043 1063 istam
1075 1039 1155 1063 rem
1179 1039 1292 1075 agere
1322 1025 1510 1071 existimo,
1534 1026 1603 1063 sed
1627 1040 1664 1062 10

270 1089 495 1138 diligentius
534 1090 649 1127 nobis
689 1098 746 1128 est
785 1090 1001 1129 videndum
1048 1104 1097 1128 ne
1145 1090 1318 1128 distracti
1364 1104 1474 1140 pares
1519 1104 1604 1128 esse

269 1154 490 1192 adversario
523 1168 602 1192 non
636 1155 842 1205 possimus,
877 1170 968 1194 cum
1003 1156 1066 1194 ille
1102 1170 1262 1206 magnas
1295 1156 1427 1205 copias
1462 1156 1604 1194 habeat

270 1227 307 1257 et
347 1220 512 1258 maiores
545 1220 653 1258 brevi
688 1221 891 1259 habiturus
926 1221 983 1259 sit.
1045 1223 1137 1259 Non
1177 1221 1281 1259 enim
1314 1235 1384 1271 pro
1416 1229 1481 1258 tua
1519 1235 1605 1271 pru-

269 1285 404 1322 dentia
424 1286 546 1324 debes
576 1285 672 1324 illud
701 1288 828 1324 solum
855 1286 1166 1325 animadvertere
1193 1295 1289 1336 quot
1318 1287 1356 1324 in
1386 1286 1605 1336 praesentia

269 1350 441 1387 cohortis
463 1358 599 1388 contra
620 1358 657 1388 te
678 1352 821 1388 habeat
844 1352 988 1390 Caesar
1012 1353 1081 1390 sed
1112 1360 1277 1401 quantas
1300 1352 1406 1390 brevi
1427 1360 1604 1401 tempore
1627 1363 1662 1394 15

268 1416 445 1465 equitum
473 1424 510 1454 et
538 1416 714 1466 peditum
745 1417 878 1467 copias
909 1425 1178 1455 contracturus
1206 1418 1263 1456 sit.
1325 1417 1399 1457 Cui
1424 1418 1477 1455 rei
1502 1417 1604 1455 testi-

268 1480 404 1519 monio
425 1488 515 1519 sunt
536 1481 683 1519 litterae
705 1495 801 1531 quas
833 1482 1048 1520 Bussenius
1075 1484 1125 1520 ad
1151 1497 1214 1521 me
1242 1483 1369 1530 misit,
1400 1482 1439 1520 in
1460 1482 1603 1532 quibus

268 1545 411 1592 scribit,
446 1546 486 1584 id
521 1548 629 1596 quod
660 1547 710 1584 ab
741 1547 826 1585 aliis
859 1561 1018 1597 quoque
1053 1548 1148 1585 mihi
1184 1548 1374 1595 scribitur,
1410 1547 1603 1597 praesidia

269 1611 484 1649 Curionem
516 1625 616 1660 quae
650 1611 689 1649 in
723 1612 887 1651 Vmbria
921 1621 958 1651 et
992 1613 1133 1652 Tuscis
1163 1622 1271 1652 erant
1306 1614 1535 1651 contrahere
1565 1619 1602 1650 et

267 1677 318 1714 ad
349 1677 557 1715 Caesarem
589 1677 659 1715 iter
688 1679 824 1716 facere.
885 1680 999 1727 Quae
1028 1678 1059 1716 si
1089 1679 1227 1728 copiae
1253 1678 1293 1716 in
1320 1691 1441 1716 unum
1470 1679 1601 1715 locum
1623 1695 1663 1716 20

269 1741 410 1780 fuerint
440 1750 615 1789 coactae,
635 1750 676 1780 ut
707 1756 794 1792 pars
824 1743 1014 1781 exercitus
1043 1745 1094 1782 ad
1126 1744 1271 1782 Albam
1302 1743 1484 1788 mittatur,
1515 1755 1602 1792 pars

267 1809 318 1846 ad
349 1815 386 1845 te
415 1808 590 1854 accedat,
612 1815 653 1845 ut
674 1821 754 1846 non
784 1816 932 1858 pugnet
962 1809 1031 1846 sed
1062 1807 1157 1846 locis
1184 1807 1263 1845 suis
1293 1814 1492 1857 repugnet,
1515 1807 1603 1844 hae-

269 1872 369 1911 rebis
408 1886 537 1922 neque
576 1874 682 1911 solus
721 1887 811 1911 curn
851 1873 924 1911 ista
969 1873 1083 1923 copia
1120 1880 1269 1911 tantam
1309 1871 1601 1910 multitudinem

269 1938 459 1976 sustinere
490 1938 633 1988 poteris
663 1946 705 1976 ut
734 1940 1014 1977 frumentatum
1045 1952 1120 1977 eas.

325 2005 456 2052 Quam
486 2004 539 2041 ob
568 2017 649 2041 rem
677 2011 714 2042 te
743 2017 886 2054 magno
913 2017 1030 2054 opere
1057 2005 1191 2042 hortor
1217 2010 1258 2041 ut
1283 2016 1400 2053 quam
1431 2002 1599 2053 primum
1621 2018 1659 2049 25

270 2082 361 2106 curn
393 2069 578 2107 omnibus
613 2069 736 2119 copiis
770 2071 846 2107 hoc
880 2069 1023 2108 venias.
1084 2070 1277 2108 Consules
1316 2068 1601 2106 constituerunt

270 2133 374 2171 idem
409 2135 545 2172 facere.
608 2136 692 2183 Ego
724 2136 778 2171 M.
812 2134 988 2172 Tuscilio
1021 2135 1071 2171 ad
1107 2141 1144 2171 te
1176 2134 1361 2171 mandata
1391 2132 1483 2171 dedi
1517 2145 1602 2181 pro-

269 2198 485 2237 videndum
507 2212 592 2237 esse
619 2213 668 2237 ne
693 2200 794 2237 duae
824 2199 997 2248 legiones
1024 2199 1107 2237 sine
1136 2198 1348 2237 Picentinis
1373 2197 1600 2236 cohortibus

315 2313 333 2340 4
358 2302 543 2332 Canuleius
562 2301 731 2333 Corradus
878 2312 916 2341 13
941 2303 1152 2341 providentia
1172 2302 1200 2332 C
1331 2303 1368 2332 18
1392 2301 1466 2331 aliis
1483 2300 1598 2330 Illam:

273 2345 337 2375 illis
361 2346 448 2376 codd.
608 2347 650 2376 26
674 2346 831 2376 omnibus
856 2347 962 2385 copiis
979 2345 1161 2385 EORJPs,
1189 2346 1226 2384 cf.
1247 2348 1262 2381 ,S
1286 2356 1296 2375 1
1321 2346 1393 2383 (ter)
1412 2349 1450 2382 et,
1470 2347 1484 2381 ξ
1503 2355 1522 2373 2
1539 2344 1559 2374 l.
1579 2344 1601 2373 6

271 2390 362 2419 omni
381 2391 496 2428 copias
515 2389 589 2420 Ml:
615 2390 705 2419 omni
724 2390 822 2428 copia
844 2390 931 2425 Visa,
952 2390 987 2428 cf
1003 2392 1017 2426 ξ
1036 2399 1045 2418 1
1067 2390 1086 2420 l.
1104 2399 1155 2427 23,
1179 2393 1193 2426 ξ
1213 2389 1262 2426 3l
1290 2390 1339 2428 16,
1358 2392 1475 2419 et12A
1496 2397 1520 2425 1,
1535 2397 1564 2425 3.
1579 2398 1598 2424 4

272 2432 334 2462 hoc
352 2434 492 2471 (zhuc)
513 2432 561 2472 M,
579 2434 614 2471 cf.
636 2443 672 2463 12
685 2443 706 2462 D
724 2443 742 2462 2
759 2437 787 2463 et
803 2433 900 2463 Fam.
915 2444 946 2463 x,
966 2443 1013 2463 11.
1030 2443 1070 2463 2:
1096 2433 1160 2463 huc
1177 2433 1266 2472 vulg.
1411 2432 1453 2461 28
1478 2430 1535 2471 ne]
1556 2440 1599 2459 ne

272 2476 335 2505 hae
353 2476 537 2514 Lehmann,
557 2477 621 2506 coll.
640 2487 678 2506 12
696 2487 718 2506 Α
730 2488 748 2506 2
