1732 2661
115 164 167 200 II.
188 164 292 200 xxiii
578 165 632 201 M.
665 165 833 201 TVLLI
866 163 1172 201 CICERONIS

164 1268 180 1293 1

153 1587 177 1614 2

208 275 266 321 sit,
290 275 327 313 in
360 278 483 314 multa
503 275 883 314 commemoratione
908 289 1041 313 earum
1068 289 1192 313 rerum
1221 289 1317 325 quas
1346 274 1536 324 gessimus

207 340 483 390 desiderioque
500 354 709 378 versamur.
744 341 821 377 Sed
842 341 1028 389 βοώπιδος
1049 348 1204 377 nostrae
1222 339 1536 388 consanguineus

206 418 287 442 non
315 405 523 443 mediocris
548 413 712 443 terrores
747 404 836 441 iacit
868 412 987 454 atque
1017 404 1224 442 denuntiat
1254 412 1291 441 et
1322 403 1537 452 Sampsice-

206 483 315 508 ramo
336 478 461 519 negat,
485 470 622 508 ceteris
644 483 735 519 prae
757 483 797 507 se
818 471 889 507 fert
917 476 955 506 et
979 476 1158 506 ostentat.
1220 469 1350 516 Quam
1377 468 1428 505 ob
1453 480 1534 505 rem

206 534 237 572 si
268 548 330 573 me
359 548 467 572 amas
498 542 650 572 tantum
677 542 869 583 quantum
897 535 1074 583 profecto
1094 538 1219 578 amas,
1244 533 1273 569 si
1299 532 1446 570 dormis
1475 545 1535 570 ex-

205 599 431 649 pergiscere,
468 599 498 637 si
530 607 608 637 stas
644 598 859 648 ingredere,
895 598 925 635 si
960 597 1172 647 ingrederis
1202 611 1322 644 curre,
1355 597 1385 635 si
1415 597 1534 634 curris

204 666 355 702 advola.
427 664 626 703 Credibile
662 677 743 701 non
779 672 836 701 est
877 671 1068 712 quantum
1105 675 1178 711 ego
1216 662 1255 699 in
1291 661 1463 699 consiliis
1501 667 1537 698 el

204 729 411 778 prudentia
441 737 516 775 tua,
546 730 734 779 quodque
766 727 980 765 maximum
1012 735 1080 774 est,
1110 735 1301 776 quantum
1332 726 1371 763 in
1401 740 1534 764 amore

203 801 241 831 et
272 795 349 832 fide
379 808 536 844 ponam.
598 793 836 843 Magnitudo
861 793 914 831 rei
940 794 1096 841 longam
1125 791 1342 830 orationem
1372 792 1534 829 fortasse

203 858 408 906 desiderat,
443 859 672 897 coniunctio
706 872 797 896 vero
833 866 1055 895 nostrorum
1089 856 1310 894 animorum
1345 856 1533 894 brevitate

201 931 387 962 contenta
407 932 475 962 est.
536 923 742 973 Permagni
774 931 905 960 nostra
934 922 1094 960 interest
1121 929 1168 967 te,
1197 921 1226 958 si
1255 921 1422 959 comitiis
1452 935 1533 959 non

201 989 383 1037 potueris,
407 997 445 1026 at
467 990 664 1027 declarato
685 988 751 1025 illo
773 1001 857 1026 esse
881 989 1044 1025 Romae.
1106 987 1210 1025 Cura
1231 994 1271 1023 ut
1293 987 1430 1023 valeas.

244 1093 397 1128 XXIV
456 1097 525 1130 Ser.
544 1098 674 1128 Romae
690 1101 765 1127 aule
780 1108 824 1127 xv
840 1096 882 1128 K.
901 1095 983 1127 Nov.
1004 1107 1034 1126 a.
1055 1098 1112 1133 69)-
1132 1100 1202 1133 (59)
1219 1106 1228 1124 :
1254 1094 1334 1133 fort.
1356 1105 1389 1124 m
1417 1094 1506 1125 Sext.

618 1174 795 1205 CICERO
819 1173 991 1204 ATTICO
1018 1172 1113 1203 SAL.

255 1254 365 1301 Quas
400 1253 611 1292 Numestio
654 1253 799 1290 litteras
839 1252 942 1297 dedi,
979 1251 1032 1289 sic
1073 1259 1109 1289 te
1149 1251 1194 1288 iis
1233 1251 1448 1289 evocabam
1488 1259 1530 1289 ut

198 1317 295 1355 nihil
315 1318 440 1356 acrius
471 1332 601 1368 neque
632 1317 828 1356 incitatius
861 1316 941 1354 fieri
973 1326 1115 1366 posset.
1176 1317 1240 1353 Ad
1271 1315 1375 1352 illam
1401 1316 1531 1353 celeri-

196 1389 315 1421 tatem
350 1384 453 1421 adde
485 1383 603 1421 etiam
637 1383 666 1421 si
699 1382 795 1432 quid
836 1390 958 1432 potes
1020 1384 1078 1419 Ac
1111 1395 1160 1419 ne
1200 1381 1250 1418 sis
1282 1381 1529 1430 perturbatus

195 1448 304 1498 (novi
326 1448 430 1486 enim
453 1456 490 1486 te
511 1456 549 1486 et
570 1462 651 1486 non
669 1447 805 1497 ignoro
828 1461 946 1497 quam
976 1447 1023 1485 sit
1044 1460 1154 1485 amor
1184 1446 1312 1484 omnis
1340 1445 1527 1484 sollicitus

195 1519 314 1562 atque
334 1513 614 1563 anxius)*sed
636 1527 695 1551 res
723 1520 791 1557 est,
816 1520 857 1550 ut
880 1526 1003 1562 spero,
1028 1526 1108 1550 non
1130 1520 1209 1549 tam
1237 1511 1341 1549 exitu
1363 1512 1528 1549 molesta

196 1591 315 1627 quam
355 1578 473 1616 aditu.
535 1578 690 1616 Vettius
731 1578 804 1623 ille,
840 1577 903 1615 ille
943 1585 1075 1615 noster
1113 1577 1241 1623 index,
1279 1576 1447 1622 Caesari,
1484 1585 1526 1614 ut

194 1642 462 1692 perspicimus,
498 1643 694 1693 pollicitus
727 1651 785 1680 est
820 1657 905 1681 sese
941 1651 1164 1681 curaturum
1200 1651 1240 1680 ut
1276 1643 1314 1680 in
1353 1642 1524 1691 aliquam

194 1707 457 1758 suspicionem
480 1707 662 1746 facinoris
686 1707 807 1746 Curio
839 1707 939 1745 filius
970 1709 1241 1746 adduceretur.
1303 1709 1442 1757 Itaque
1473 1707 1526 1744 in-

192 1773 359 1811 sinuavit
392 1773 430 1810 in
466 1772 767 1810 familiaritatem
805 1773 1070 1812 adulescentis
1103 1782 1139 1812 et
1172 1788 1261 1812 cum
1301 1787 1359 1820 eo,
1393 1780 1434 1810 ut
1465 1786 1524 1810 res

192 1838 351 1885 indicat,
384 1851 500 1887 saepe
533 1852 764 1888 congressus
803 1854 883 1878 rem
917 1839 954 1876 in
992 1854 1082 1877 eum
1116 1841 1246 1877 locum
1287 1838 1448 1877 deduxit
1482 1845 1524 1874 ut

191 1903 337 1941 diceret
359 1903 431 1941 sibi
453 1911 601 1941 certum
624 1918 709 1942 esse
731 1919 821 1943 cum
845 1905 923 1943 suis
945 1905 1063 1944 servis
1088 1905 1127 1943 in
1151 1904 1383 1954 Pompeium
1405 1903 1523 1952 impe-
1565 1940 1575 1948 .

191 1976 273 2006 tum
296 1970 421 2006 facere
443 1982 614 2018 eumque
637 1970 827 2008 occidere.
875 1973 968 2009 Hoc
992 1970 1112 2009 Curio
1132 1971 1182 2008 ad
1200 1978 1347 2020 patrem
1370 1967 1519 2013 detulit,

191 2033 254 2071 ille
285 2034 335 2070 ad
376 2033 620 2082 Pompeium.
684 2036 764 2073 Res
797 2037 927 2074 delata
961 2037 1012 2073 ad
1051 2043 1230 2074 senatum
1269 2042 1336 2072 est.
1399 2035 1522 2070 Intro-

190 2099 331 2135 ductus
361 2097 516 2136 Vettius
551 2099 679 2149 primo
715 2101 882 2150 negabat
922 2114 962 2138 se
998 2114 1185 2150 umquam
1221 2113 1312 2137 cum
1347 2098 1520 2137 Curione

188 2162 422 2210 constitiss3,
445 2177 573 2213 nequ-e
596 2164 635 2202 id
658 2179 750 2203 sane
772 2165 864 2211 diu3
895 2178 986 2202 nam
1013 2165 1142 2202 statim
1172 2166 1290 2202 fidem
1319 2163 1519 2212 publicam

232 2277 247 2305 7
273 2272 305 2297 et
323 2268 396 2298 add.
418 2269 506 2309 vulg.
604 2271 624 2299 8
647 2271 805 2309 quodque
824 2270 912 2300 Rom
939 2281 945 2301 z
970 2270 1058 2308 quod
1082 2269 1123 2299 M
1229 2270 1266 2298 16
1291 2266 1515 2307 celeritatem]

187 2310 333 2340 κέλευσιν
363 2312 484 2342 Bosms
634 2315 671 2343 18
695 2324 793 2352 quam
813 2337 819 2343 .
841 2337 847 2343 .
870 2337 876 2343 .
898 2314 1020 2343 anxius
1044 2313 1204 2346 senarius,
1227 2312 1308 2350 forl.
1345 2323 1383 2341 cx
1403 2311 1518 2347 sabula

192 2353 312 2392 Tyrrell
387 2366 429 2385 20
453 2356 545 2386 aditu
571 2356 642 2387 l'ict.
662 2367 668 2386 ε
692 2357 805 2386 auditu
820 2356 926 2386 codd:
949 2357 1095 2386 adventu
1109 2355 1195 2386 Reid
1270 2365 1310 2384 22
1335 2355 1517 2384 insinuavit

189 2395 288 2426 Orelli
314 2398 399 2429 (sine
423 2410 470 2433 se,
503 2400 538 2439 cf.
564 2399 659 2430 Fam.
685 2400 726 2430 iv.
760 2409 807 2437 13.
836 2401 893 2429 6i:
932 2400 964 2429 in
986 2400 1063 2429 sinu
1091 2404 1148 2429 aut
1175 2398 1232 2428 M:
1271 2408 1307 2428 se
1335 2398 1516 2427 insinuavit

190 2439 391 2481 bissinum&
420 2443 610 2473 insinuatus
631 2443 705 2473 Vict.
831 2453 872 2481 29
897 2443 1087 2472 constitisse
1107 2442 1154 2472 C:
1179 2442 1343 2471 restitisse
1362 2440 1421 2471 M:
1448 2451 1515 2470 rem

187 2485 402 2514 constituisse
421 2487 499 2516 coni.
522 2486 613 2524 Rcid,
632 2487 714 2524 soi-l.
733 2491 808 2516 recte

1555 872 1594 893 10

1547 1591 1587 1612 20
