1732 2661
175 197 291 233 II.vi
587 198 641 233 M.
674 196 841 233 TVLLI
874 195 1180 233 CICERONIS

260 302 327 337 VI
532 305 603 337 Scr.
622 305 709 335 Anti
724 304 827 335 medio
843 315 886 335 m.
907 303 992 344 Apr.
1013 314 1043 335 a.
1063 305 1122 343 6175
1140 302 1224 343 (59).

629 382 802 413 CICERO
834 381 1003 411 ATTICO
1038 380 1136 412 SAL.

180 473 195 499 1
271 462 391 510 Quod
422 461 491 499 tibi
523 459 787 510 superioribus
814 458 947 496 litteris
976 457 1243 508 promiseram,
1266 458 1345 495 fore
1375 464 1417 494 ut
1447 470 1547 507 opus

214 534 380 564 exstaret
411 525 525 563 huius
552 523 886 574 peregrinationis,
911 522 1008 560 nihil
1035 522 1111 560 iam
1138 536 1281 572 magno
1311 536 1429 572 opere
1456 535 1547 560 con-

214 592 351 638 firmo3
382 590 436 628 sic
464 589 569 628 enim
598 602 684 627 sum
710 589 939 638 complexus
967 587 1091 625 otium
1113 595 1154 624 ut
1174 588 1224 625 ab
1245 601 1293 625 eo
1314 587 1445 625 divelli
1466 601 1546 625 non
1568 601 1586 634 5

214 669 367 705 queam.
429 656 569 704 Itaque
594 661 661 691 aut
686 653 793 691 libris
821 666 884 690 me
909 653 1073 698 delecto,
1098 665 1265 701 quorum
1293 653 1422 690 habeo
1452 652 1547 690 Anti

214 720 391 759 festivam
423 719 589 769 copiam,
619 726 686 756 aut
714 719 856 756 fluctus
887 730 1052 755 numero
1083 717 1190 766 (nam
1220 717 1270 755 ad
1296 718 1456 755 lacertas
1487 731 1546 755 ca-

214 787 381 835 ptandas
399 791 651 834 tempestates
668 796 749 821 non
766 790 857 821 sunt
878 781 1062 832 idoneae)
1078 797 1087 829 3
1116 795 1139 819 a
1159 781 1369 820 scribendo
1390 795 1546 831 prorsus

212 852 396 889 abhorret
429 849 594 888 animus.
667 848 826 886 Etenim
860 849 1100 900 γεωγραφικὰ
1131 861 1231 897 quae
1266 847 1545 886 constitueram

214 929 400 965 magnum
422 928 521 965 opus
543 923 611 953 est.
672 915 734 951 Ita
753 914 867 951 valde
890 913 1181 959 Eratosthenes,
1205 926 1323 962 quem
1346 912 1441 950 mihi
1462 926 1546 962 pro-
1572 929 1608 950 ιο

214 994 436 1031 posueram,
474 993 496 1018 a
535 979 749 1029 Serapione
792 986 829 1016 et
871 979 921 1016 ab
964 977 1196 1028 Hipparcho
1235 977 1542 1027 reprehenditur.

214 1046 323 1095 Quid
354 1059 490 1084 censes
519 1045 551 1082 si
581 1044 782 1094 Tyrannio
812 1043 1051 1082 accesserit?
1109 1045 1159 1081 Et
1187 1044 1343 1081 hercule
1370 1051 1460 1081 sunt
1487 1057 1546 1082 res

213 1111 391 1151 difficiles
413 1112 462 1149 ad
483 1110 760 1161 explicandum
786 1118 823 1148 et
851 1110 1026 1159 ὁμοειδεῖς
1046 1122 1119 1147 nec
1147 1117 1225 1146 tam
1254 1117 1419 1159 possunt
1440 1110 1547 1159 ἀνθη-

213 1177 485 1230 ρογραφεῖσθαι
506 1189 624 1226 quarn
646 1174 881 1213 videbantur
894 1182 942 1221 et,
960 1175 1067 1224 quod
1084 1181 1202 1223 caput
1223 1181 1290 1219 est,
1316 1173 1411 1211 mihi
1433 1187 1546 1224 quae-

215 1242 271 1280 vis
301 1242 392 1280 satis
417 1241 517 1279 iusta
542 1254 659 1278 causa
685 1239 867 1278 cessandi
895 1247 952 1278 est
973 1238 1041 1289 qui
1069 1238 1186 1276 etiam
1213 1237 1391 1276 dubitem
1413 1252 1463 1277 an
1485 1239 1547 1277 hic
1573 1254 1608 1284 15

216 1307 309 1345 Anti
332 1306 537 1346 considam
559 1313 596 1344 et
618 1307 693 1343 hoc
715 1313 870 1354 tempus
893 1318 1012 1342 omne
1033 1317 1276 1349 consumam,
1297 1303 1364 1341 uhi
1386 1304 1546 1354 quidem

173 1383 196 1409 2
216 1386 289 1422 ego
311 1373 468 1410 mallem
496 1370 747 1409 duumvirum
775 1383 894 1419 quam
922 1371 1075 1407 Romae
1100 1367 1229 1406 fuisse.
1292 1370 1354 1406 Tu
1376 1383 1467 1407 vero
1495 1384 1549 1408 sa-

214 1437 383 1487 pientior
404 1435 584 1474 Buthroti
605 1436 770 1473 domum
792 1433 944 1484 parasti.
989 1434 1078 1479 Sed,
1104 1432 1199 1470 mihi
1221 1434 1347 1479 crede,
1373 1434 1549 1483 proxima

213 1510 271 1541 est
298 1502 351 1539 illi
383 1500 597 1551 municipio
619 1502 715 1538 haec
737 1499 955 1537 Antiatium
982 1499 1127 1537 civitas.
1192 1501 1289 1537 Esse
1311 1500 1442 1538 locum
1468 1508 1546 1539 tam

214 1580 336 1617 prope
359 1568 529 1604 Romam
551 1565 618 1603 ubi
643 1565 755 1602 multi
783 1564 859 1602 sint
887 1564 955 1614 qui
978 1564 1181 1602 Vatinium
1205 1578 1421 1615 numquam
1444 1566 1548 1606 vide·
1569 1582 1610 1604 20

215 1632 303 1678 rint,
324 1631 391 1669 ubi
413 1644 530 1669 nemo
551 1630 599 1668 sit
620 1637 771 1680 praeter
792 1644 854 1668 me
876 1629 942 1680 qui
965 1643 1205 1680 quemquam
1229 1643 1275 1667 ex
1302 1630 1436 1681 viginti
1459 1632 1549 1671 viris

215 1696 347 1734 vivum
381 1704 419 1734 et
453 1697 602 1734 salvum
635 1695 736 1742 velit,
770 1695 837 1734 uhi
870 1710 932 1735 me
966 1696 1184 1747 interpellet
1222 1712 1351 1745 nemo,
1387 1699 1550 1749 diligant

215 1775 353 1799 omnes
372 1764 377 1799 1
418 1761 508 1807 Hic,
532 1760 595 1799 hic
618 1761 801 1798 nimirum
819 1764 1078 1810 πολιτευτέον;
1111 1776 1202 1800 nam
1219 1762 1304 1801 istic
1327 1777 1407 1802 non
1422 1766 1549 1803 solum

216 1841 295 1865 non
326 1826 415 1865 licet
443 1827 511 1864 sed
539 1826 657 1864 etiam
683 1828 824 1866 taedet.
890 1830 1029 1879 Itaque
1059 1830 1232 1868 ἀνέκδοτα
1257 1843 1358 1878 quae
1387 1829 1456 1868 tibi
1482 1830 1549 1868 uni

215 1894 389 1942 legamus
419 1891 698 1941 Theopompio
733 1907 875 1943 genere
926 1902 993 1932 aut
1033 1895 1150 1933 etiam
1190 1894 1384 1945 asperiore
1425 1898 1549 1934 multo
1573 1907 1609 1937 25

215 1964 443 2006 pangentur.
505 1957 646 2006 Neque
684 1958 790 1996 aliud
828 1959 904 1997 iam
946 1960 1158 2011 quicquam
1197 1961 1437 2010 πολιτεύομαι
1476 1960 1549 1999 nisi

216 2021 347 2059 odisse
368 2020 569 2070 improbos
591 2030 628 2060 et
650 2022 690 2061 id
714 2023 842 2074 ipsum
867 2027 974 2063 nullo
996 2039 1086 2063 cum
1103 2027 1308 2064 stomacho
1329 2027 1397 2064 sed
1419 2025 1550 2075 potius

218 2100 307 2124 cum
329 2086 459 2136 aliqua
479 2087 675 2126 scribendi
700 2092 909 2140 voluptate.

274 2153 352 2189 Sed
377 2159 417 2189 ut
444 2153 494 2190 ad
523 2168 615 2200 rem,
638 2155 772 2205 scripsi
797 2157 847 2193 ad
879 2163 1104 2205 quaestores
1133 2156 1302 2194 urbanos
1330 2157 1380 2194 de
1411 2154 1549 2204 Quinti

222 2217 345 2254 fratris
375 2218 543 2267 negotio.
604 2220 706 2258 Vide
734 2220 829 2269 quid
856 2228 1021 2267 narrent,
1045 2235 1193 2271 ecquae
1224 2234 1311 2271 spes
1339 2220 1386 2258 sit
1414 2220 1549 2258 denari
1572 2233 1613 2264 30

221 2296 271 2319 an
306 2282 531 2333 cistophoro
566 2285 809 2334 Pompeiano
841 2285 1049 2324 iaceamus,
1120 2288 1322 2324 Praeterea
1355 2287 1406 2323 de
1438 2298 1550 2322 muro

271 2397 307 2424 17
333 2387 543 2417 duumvirum
578 2387 685 2418 Ant.:
725 2389 781 2417 diu
817 2387 971 2418 nimirum
1007 2387 1048 2416 M
1215 2388 1336 2428 fuisse]
1363 2399 1415 2420 me
1449 2389 1551 2420 fuisse

224 2430 363 2463 Rosius:
391 2431 507 2461 consul
527 2431 628 2461 fuisse
646 2432 723 2461 coni.
746 2431 869 2462 Maller
