1732 2661
437 652 505 700 M.
557 651 771 699 TVLLI
830 650 1233 699 CICERONIS

304 786 824 835 EPISTVLARVM
875 786 978 833 AD
1029 784 1367 833 ATTICVM

546 905 739 952 LIBRI
794 903 1125 952 SEDECIM

620 1107 792 1144 LIBER
823 1107 1034 1144 PRIMVS

209 1224 234 1260 I
513 1227 582 1258 Scr.
605 1227 731 1256 Romae
749 1237 792 1256 m.
817 1226 929 1264 Quini.
951 1237 980 1256 a.
1004 1227 1066 1261 681)
1087 1225 1166 1265 (65).

575 1316 749 1346 CICERO
783 1315 952 1346 ATTICO
986 1315 1083 1346 SAL,

225 1405 468 1442 PETITIONIS
498 1411 663 1449 nostrae,
690 1416 808 1452 quam
840 1402 910 1441 tibi
941 1416 1118 1440 summae
1148 1416 1263 1440 curae
1293 1416 1378 1440 esse
1405 1402 1499 1451 scio,
1519 1413 1537 1442 1

168 1468 284 1506 huius
306 1467 414 1507 modi
432 1467 528 1506 ratio
550 1474 607 1505 est
629 1467 738 1516 quod
753 1467 885 1504 adhuc
902 1465 1128 1505 coniectura
1149 1466 1343 1515 provideri
1365 1468 1498 1517 possit.

132 1549 149 1579 5
171 1535 333 1571 Prensat
353 1545 454 1570 unus
477 1534 517 1569 P.
542 1532 680 1570 Galba.
741 1531 833 1569 Sine
863 1532 954 1568 fuco
983 1544 1029 1569 ac
1059 1530 1221 1569 fallaciis
1250 1545 1357 1570 more
1385 1532 1503 1571 maio-

111 1873 148 1895 10

169 1612 254 1636 rum
284 1605 456 1647 negatur.
517 1598 570 1634 Vt
600 1595 736 1646 opinio
766 1604 823 1634 est
854 1595 1076 1643 hominum,
1098 1609 1179 1634 non
1209 1596 1335 1634 aliena
1362 1597 1502 1636 rationi

168 1670 323 1701 nostrae
344 1662 415 1700 fuit
436 1662 538 1700 illius
559 1663 657 1700 haec
685 1674 945 1711 praepropera
966 1660 1175 1710 prensatio.
1237 1662 1341 1699 Nam
1370 1662 1422 1699 illi
1451 1662 1503 1700 ita

168 1735 310 1778 negant
332 1729 448 1778 vulgo
469 1735 511 1765 ut
533 1726 629 1764 mihi
651 1740 692 1764 se
713 1727 858 1765 debere
887 1725 1030 1764 dicant.
1094 1728 1155 1764 Ita
1175 1726 1366 1775 quiddam
1389 1741 1502 1777 spero

168 1792 281 1831 nobis
327 1792 477 1842 profici,
516 1806 606 1830 cum
654 1793 731 1829 hoc
782 1791 1075 1841 percrebrescst,
1114 1791 1303 1841 plurimos
1348 1800 1502 1831 nostros

166 1857 315 1896 amicos
365 1857 539 1895 inveniri.
619 1858 705 1895 Nos
745 1865 877 1894 autem
919 1856 1073 1894 initium
1118 1856 1331 1906 prensandi
1376 1859 1503 1896 facere

167 1922 426 1971 cogitaramus
455 1936 503 1961 eo
534 1922 621 1972 ipso
652 1930 829 1972 ternpore
865 1936 945 1972 quo
979 1930 1090 1960 tuum
1123 1935 1288 1971 puerum
1322 1936 1412 1960 cum
1443 1923 1503 1961 his

166 1987 300 2025 litteris
341 1988 535 2038 proficisci
569 1988 732 2027 Cincius
772 1988 943 2035 dicebat,
977 1987 1016 2025 in
1057 2000 1200 2037 campo
1239 1987 1408 2025 comitiis
1443 1988 1503 2026 tri-

166 2052 334 2091 buniciis
355 2066 386 2090 a.
408 2054 443 2091 d.
468 2065 539 2090 xvi
565 2054 734 2091 Kalend.
760 2053 923 2091 Sextilis.
987 2052 1293 2103 Competitores‚
1313 2052 1380 2102 qui
1408 2052 1501 2091 certi

166 2131 250 2155 esse
278 2117 496 2165 videantur,
518 2119 646 2156 Galba
667 2126 705 2156 et
732 2118 931 2156 Antonius
955 2126 992 2157 et
1019 2120 1066 2167 Q.
1092 2117 1338 2157 Cornificius.
1400 2120 1501 2156 Puto

110 2195 121 2218 ε
167 2189 204 2220 te
238 2182 277 2219 in
312 2183 388 2220 hoc
422 2190 489 2220 aut
522 2182 649 2221 risisse
683 2191 750 2221 aut
782 2183 1030 2233 ingemuisse.
1092 2185 1145 2221 Vt
1176 2184 1344 2221 frontem
1374 2182 1500 2230 ferias,

166 2256 256 2285 sunt
286 2247 352 2297 qui
383 2247 499 2285 etiam
523 2248 762 2287 Caesonium
788 2257 936 2298 putent.
998 2249 1201 2299 Aquilium
1233 2262 1314 2286 non
1343 2248 1497 2286 arbitra-

166 2313 318 2358 bamur,
352 2311 419 2361 qui
454 2313 662 2362 denegavit
697 2321 735 2351 et
774 2313 912 2351 iuravit
946 2314 1128 2352 morbum
1169 2321 1207 2352 et
1246 2312 1342 2351 illud
1381 2326 1497 2350 suum

213 2425 247 2444 11
274 2414 501 2453 cogitabamus
524 2414 714 2454 lVesenberg
856 2417 894 2445 16
918 2415 1120 2446 arbitramur
1137 2419 1207 2446 vett.
1334 2425 1370 2454 17
1397 2415 1497 2445 dene-

166 2458 257 2495 gavit
281 2458 428 2487 Ernesti:
460 2459 631 2496 denegant
658 2458 717 2488 M:
742 2462 776 2488 et
801 2460 936 2498 negavit
960 2452 1026 2490 Zb:
1063 2460 1235 2498 denegant
1263 2462 1297 2489 et
1322 2458 1441 2489 delend.
1462 2462 1500 2488 ut

165 2500 328 2536 glossema
345 2502 422 2530 com'.
444 2499 528 2530 Reid

244 2567 314 2591 C1c.
333 2567 384 2590 AD
403 2566 487 2591 ATT.
1418 2567 1434 2597 1
