1773 2651
614 176 726 212 EPP.
759 176 836 212 AD
867 175 1125 214 ATTICVM
1494 177 1563 213 VI.
1588 177 1601 212 i

196 293 254 324 est
275 287 326 325 ad
350 287 587 326 Πολυκλέους
616 288 832 325 Herculem
858 286 1087 337 inscriptum
1115 294 1173 325 est
1194 298 1376 331 CONsvl.;
1405 301 1523 336 quam

195 364 280 388 esse
310 351 487 389 eiusdem
517 359 650 398 status,
679 351 857 397 amictus,
887 353 1037 397 anulus,
1069 351 1198 401 imago
1228 352 1311 401 ipsa
1341 353 1523 390 declarat.

194 417 247 453 At
276 429 338 454 me
366 417 522 454 hercule
549 430 632 466 ego,
660 430 750 454 cum
778 416 817 454 in
846 424 973 454 turma
997 416 1258 454 inauratarum
1285 417 1526 466 equestrium

195 494 291 530 quas
322 481 384 519 bic
414 483 599 520 Metellus
633 481 671 518 in
703 481 901 531 Capitolio
931 481 1061 531 posuit
1090 482 1453 520 animadvertissem
1484 482 1523 520 in

157 558 173 588 5
195 545 418 596 Serapionis
445 546 732 596 subscriptione
753 546 925 584 Africani
947 546 1169 596 imaginem,
1193 555 1360 585 erratum
1389 547 1524 586 fabrile

194 611 336 660 putavi,
362 625 467 649 nunc
488 611 603 650 video
627 611 789 649 Metelli.
851 613 886 650 O
915 614 1181 662 ἀνιστορησίαν
1201 616 1378 662 turpem!
1419 614 1522 650 Nam
1543 615 1587 652 18

194 676 289 714 illud
311 677 361 715 de
383 676 517 715 Flavio
541 684 579 714 et
600 676 717 722 fastis,
742 677 772 714 si
800 690 913 715 secus
941 685 1008 723 est,
1033 691 1246 716 commune
1271 686 1439 716 erratum
1465 686 1523 716 est

194 748 231 779 et
267 749 308 779 tu
342 742 444 780 belle
483 742 676 791 ἠπόρησας
714 749 752 780 et
792 756 863 779 nos
898 742 1097 792 publicam
1132 756 1254 792 prope
1293 743 1523 793 opinionem

194 806 317 844 secuti
339 820 487 854 sumus,
503 814 545 844 ut
567 808 687 844 multa
708 808 814 857 apud
836 808 1022 845 Graecos.
1081 807 1180 856 Quis
1201 807 1306 846 enim
1328 821 1407 846 non
1429 808 1525 846 dixit

135 885 176 908 10
194 874 361 910 Εὔπολιν
388 874 452 911 τὸν
480 875 545 922 τῆς
571 874 725 924 ἀρχαίας
750 873 800 910 ab
821 872 1029 911 Alcibiade
1054 873 1261 923 navigante
1288 873 1326 910 in
1353 873 1523 911 Siciliam

193 937 391 976 deiectum
426 952 511 977 esse
549 938 589 976 in
624 940 758 976 mare?
808 938 1022 988 Redarguit
1058 940 1364 985 Eratosthenes3
1400 940 1525 977 adfert

193 1003 299 1040 enim
339 1017 435 1053 quas
475 1003 539 1041 ille
578 1013 665 1053 post
705 1003 745 1041 id
779 1011 934 1053 tempus
973 1004 1124 1041 fabulas
1163 1003 1350 1041 docuerit.
1416 1005 1523 1041 Num

193 1068 340 1106 idcirco
363 1068 480 1106 Duris
509 1068 674 1115 Samius,
698 1069 819 1106 homo
846 1068 885 1105 in
916 1068 1076 1107 historia
1103 1068 1278 1118 diligens,
1303 1069 1411 1118 quod
1432 1082 1522 1106 cum

194 1134 325 1171 multis
353 1133 500 1180 erravit,
525 1134 743 1172 inridetur?
791 1133 891 1182 Quis
918 1135 1129 1172 Zaleucum
1151 1135 1255 1184 leges
1278 1133 1411 1171 Locris
1436 1133 1522 1171 scri—

136 1211 174 1244 15
193 1199 316 1249 psisse
350 1214 430 1238 non
465 1199 590 1238 dixit?
640 1201 747 1237 Num
777 1198 891 1248 igitur
921 1198 1020 1237 iacet
1045 1200 1341 1248 Theophrastus
1372 1198 1402 1236 si
1433 1200 1471 1236 id
1501 1213 1524 1236 a

193 1264 359 1303 Timaeo
385 1273 452 1302 tuo
474 1264 652 1302 familiari
682 1277 908 1314 reprensum
931 1265 1017 1302 est?
1061 1265 1139 1302 Sed
1160 1264 1309 1302 nescire
1334 1277 1521 1314 proavum

193 1343 307 1368 suum
337 1343 541 1369 censorem
573 1344 653 1368 non
684 1329 802 1368 fuisse
834 1337 945 1379 turpe
975 1336 1043 1376 est,
1066 1328 1292 1378 praesertim
1320 1342 1410 1366 curn
1435 1336 1523 1378 post

192 1408 282 1432 eum
304 1397 507 1434 consulem
530 1409 648 1433 nemo
671 1394 877 1434 Cornelius
899 1394 965 1431 illo
986 1393 1074 1432 vivo
1095 1407 1234 1432 censor
1253 1393 1379 1432 fuerit.

247 1461 367 1508 Quod
399 1461 449 1499 de
482 1460 696 1499 Philotimo
735 1468 772 1498 et
804 1461 854 1498 de
886 1458 1081 1497 solutione
1117 1460 1187 1496 HS
1222 1470 1336 1496 XXDC
1374 1458 1520 1505 scribis,
1543 1465 1591 1503 19

134 1537 175 1559 20
193 1524 449 1563 Philotimum
477 1525 628 1564 circiter
660 1526 747 1563 Kal.
780 1524 978 1563 Ianuarias
1013 1523 1052 1561 in
1085 1525 1376 1562 Chersonesum
1403 1523 1523 1562 audio

192 1590 357 1629 venisse.
414 1593 467 1629 At
489 1591 541 1629 rni
565 1592 615 1629 ab
640 1605 687 1629 eo
713 1591 808 1629 nihil
833 1592 973 1629 adbuc.
1036 1589 1204 1639 Reliqua
1226 1603 1312 1627 mea
1333 1589 1523 1628 Camillus

191 1655 324 1694 scribit
358 1669 398 1694 se
432 1656 643 1706 accepisse.
707 1658 765 1694 Ea
799 1669 899 1705 quae
934 1655 1010 1692 sint
1042 1653 1175 1692 nescio
1209 1661 1246 1692 et
1280 1668 1377 1692 aveo
1411 1653 1518 1692 scire.

190 1721 338 1758 Verum
370 1723 467 1759 haec
496 1721 690 1771 posterius
720 1729 757 1759 et
787 1734 919 1759 coram
950 1721 1112 1775 fortasse
1141 1719 1400 1757 commodius.

246 1787 351 1825 Illud
373 1800 445 1833 me,
470 1786 523 1824 mi
544 1786 685 1831 Attice,
710 1786 749 1823 in
774 1793 946 1823 extrema
969 1786 1047 1823 fere
1068 1791 1175 1834 parte
1202 1783 1391 1834 epistulae
1417 1798 1521 1822 com-
1540 1791 1594 1820 20

133 1865 171 1897 25
192 1850 338 1899 movit3
376 1852 513 1890 scribis
548 1852 652 1890 enim
688 1850 753 1897 sic,
790 1852 838 1888 Τί
867 1851 1022 1892 λοιπόν,·
1062 1849 1207 1887 deinde
1242 1862 1305 1887 me
1339 1849 1520 1887 obsecras

190 1916 458 1955 amantissime
486 1931 534 1955 ne
561 1916 768 1954 obliviscar
789 1915 944 1966 vigilare
970 1922 1007 1954 et
1029 1922 1070 1952 ut
1090 1913 1398 1952 animadvertam
1420 1927 1521 1963 quae

190 1981 294 2019 fiant.
356 1983 462 2019 Num
494 1981 589 2031 quid
617 1982 667 2019 de
692 1994 771 2030 quo
801 1980 1017 2018 inaudisti?
1066 1979 1150 2017 Etsi
1177 1978 1273 2016 nihil
1300 1978 1383 2016 eius
1410 1978 1519 2017 modi

190 2053 248 2083 est
262 2060 271 2093 3
300 2050 447 2085 πολλοῦ
472 2065 515 2098 γε
543 2047 601 2084 καὶ
628 2046 690 2084 δεῖ.
749 2046 835 2083 Nec
862 2045 967 2083 enim
995 2058 1058 2082 me
1086 2043 1284 2082 fefellisset
1305 2056 1377 2081 nec
1400 2044 1516 2081 fallet.

191 2111 268 2148 Sed
307 2111 379 2149 ista
416 2111 636 2150 admonitio
676 2119 742 2149 tua
780 2118 859 2148 tam
898 2117 1079 2148 accurata
1118 2108 1252 2146 nescio
1291 2107 1386 2157 quid
1422 2107 1519 2146 mihi

132 2188 171 2218 30
190 2174 406 2225 significare
435 2177 516 2214 visa
545 2184 612 2214 est.

246 2243 307 2280 De
334 2243 388 2279 M.
413 2242 580 2280 Octavio
607 2241 746 2280 iterum
774 2241 849 2279 iam
879 2240 948 2278 tibi
976 2239 1146 2278 rescribo
1174 2246 1210 2277 te
1238 2237 1292 2276 illi
1316 2238 1438 2288 probe
1466 2252 1520 2277 re·
1539 2250 1583 2279 21

236 2356 247 2375 1
275 2345 422 2385 CONSVL]
447 2355 532 2376 cens
562 2345 701 2384 [vy-rell:
732 2345 811 2382 fort.
838 2354 897 2374 cos
923 2354 1006 2374 cans
1158 2353 1176 2372 2
1201 2341 1290 2382 ipsa]
1315 2342 1389 2372 ln'nc
1409 2342 1519 2382 incipit

188 2399 297 2418 unum
318 2400 333 2418 e
346 2389 549 2429 fragmentis
564 2388 674 2418 codicis
694 2386 978 2428 l'Vurcebutgenstls
998 2387 1073 2426 (W)
1089 2386 1179 2425 quod
1192 2385 1239 2415 ad
1252 2396 1280 2417 2.
1305 2395 1317 2415 1
1339 2385 1517 2427 (venisset)

183 2432 325 2473 procedit
457 2442 497 2462 22
522 2442 605 2462 aveo
622 2435 690 2462 vett.
709 2442 716 2461 ε
740 2431 846 2462 haveo
868 2431 926 2461 W:
954 2430 1064 2460 habeo
1080 2429 1115 2460 N
1130 2441 1137 2460 :
1161 2429 1202 2459 ab
1219 2439 1260 2459 eo
1278 2428 1319 2458 M
