1773 2651
218 153 242 189 Γ.
267 162 325 187 xx
672 155 727 190 M.
759 155 925 191 TVLLI
959 154 1265 193 CICERONIS

298 265 427 311 credo,
463 264 585 303 voluit
624 265 887 315 appellatione
922 266 995 303 hac
1027 265 1133 303 inani
1166 265 1281 304 nobis
1319 278 1404 304 esse
1443 279 1520 316 par.
1582 267 1629 303 In

297 331 439 368 eodem
462 333 619 370 Amano
649 332 779 381 coepit
810 333 997 370 loreolam
1027 331 1067 369 in
1092 340 1294 370 mustaceo
1321 345 1517 382 quaerere.
1576 333 1629 369 At

296 394 358 433 ille
381 397 583 435 cohortem
606 397 771 446 primam
798 405 920 435 totam
948 397 1117 447 perdidit
1139 396 1490 446 centurionemque
1514 395 1627 446 primi

295 462 362 511 pili
403 462 576 501 nobilem
617 462 675 500 sui
709 463 861 512 generis
897 463 1079 501 Asinium
1114 465 1340 501 Dentonem
1380 469 1418 500 et
1457 462 1627 511 reliquos

295 528 467 566 cohortis
507 528 684 566 eiusdem
728 536 765 566 et
811 530 895 566 Sex.
938 527 1146 575 Lucilium,
1187 530 1232 565 T.
1276 527 1375 566 Gavi
1415 526 1664 577 Caepionis5

296 593 500 643 locupletis
536 601 572 631 et
608 593 805 643 splendidi
841 593 1011 631 hominis
1043 593 1177 639 filium,
1211 593 1412 631 tribunum
1445 592 1624 630 militum.

254 667 277 705 5
297 660 398 697 Sane
419 660 572 708 plagam
595 658 773 696 odiosam
795 666 999 708 acceperat
1021 672 1111 696 cum
1132 672 1172 696 re
1194 666 1276 696 tum
1298 665 1486 707 tempore.
1542 659 1628 695 Nos

295 725 345 761 ad
378 723 666 770 Pindenissum,
701 724 809 773 quod
839 723 1031 774 oppidum
1060 722 1368 761 munitissimum
1401 723 1628 761 Eleuthero-

295 788 451 826 cilicum
478 788 656 827 omnium
685 788 875 827 memoria
903 788 942 826 in
974 788 1090 827 armis
1116 788 1197 826 fuit.
1258 787 1343 826 Feri
1376 787 1557 826 homines
1589 796 1627 826 et

294 867 402 892 acres
423 862 460 892 et
482 854 667 892 omnibus
688 855 804 893 rebus
831 855 881 892 ad
903 855 1200 892 defendendum
1227 854 1360 904 parati.
1421 852 1626 892 Cinximus
1650 870 1688 892 10

295 920 396 957 vallo
417 927 453 956 et
475 920 602 964 fossa;
631 932 769 969 aggere
791 918 973 965 maximo,
996 918 1130 965 vineis,
1149 926 1251 957 turre
1271 918 1469 965 altissima,
1486 932 1627 968 magna

296 991 580 1022 tormentorum
611 984 738 1034 copia,
761 984 892 1022 multis
922 984 1137 1034 sagittariis,
1166 997 1309 1033 magno
1339 984 1482 1030 labore,
1511 998 1628 1034 appa-

295 1058 378 1087 ratu
401 1049 533 1088 multis
558 1049 700 1088 sauciis
728 1050 880 1096 nostris,
905 1049 1094 1088 incolumi
1118 1049 1289 1087 exercitu
1314 1049 1515 1100 negotium
1536 1063 1627 1088 con-

294 1115 469 1154 fecimus.
530 1116 668 1153 Hilara
698 1129 791 1154 sane
822 1116 1041 1154 Saturnalia
1075 1115 1264 1154 militibus
1294 1129 1453 1165 quoque
1483 1115 1626 1165 quibus

293 1180 403 1231 equis
439 1170 610 1230 exceptis
646 1180 835 1230 reliquam
868 1182 1053 1230 praedam
1084 1180 1363 1219 concessimus.
1425 1180 1627 1231 Mancipia
1650 1194 1686 1226 15

293 1246 479 1284 venibant
520 1246 790 1284 Saturnalibus
829 1245 961 1285 tertiis.
1033 1247 1135 1285 Cum
1176 1247 1273 1284 haec
1312 1245 1544 1291 scribebam,
1587 1245 1625 1283 in

292 1311 475 1350 tribunali
497 1325 556 1350 res
587 1319 667 1350 erat
688 1313 739 1350 ad
768 1313 838 1350 HS
860 1305 956 1349 ΕΚ.
1018 1311 1125 1348 Hinc
1155 1309 1366 1348 exercitum
1395 1310 1434 1348 in
1462 1310 1627 1349 hiberna

290 1377 368 1427 agri
392 1378 492 1414 male
515 1376 641 1426 pacati
660 1377 941 1414 deducendum
962 1375 1113 1424 Quinto
1134 1375 1237 1413 fratri
1259 1375 1403 1413 dabam
1421 1390 1429 1422 ς
1459 1375 1541 1425 ipse
1563 1389 1626 1414 me

294 1441 531 1480 Laodiceam
553 1441 801 1491 recipiebam.

245 1515 273 1553 6
350 1509 463 1545 Haec
489 1507 632 1544 adbuc.
691 1507 769 1544 Sed
795 1507 846 1544 ad
874 1505 1079 1556 praeterita
1106 1513 1352 1544 revertamur.
1413 1507 1535 1555 Quod
1562 1519 1625 1544 me
1647 1520 1687 1542 20

295 1572 462 1610 maxime
497 1571 660 1610 hortaris
695 1579 733 1610 et
767 1572 875 1620 quod
907 1571 1027 1621 pluris
1061 1578 1119 1609 est
1149 1584 1268 1620 quam
1299 1570 1442 1618 omnia,
1475 1571 1515 1608 in
1546 1584 1626 1621 quo

293 1639 447 1676 laboras
482 1645 523 1675 ut
558 1636 675 1675 etiam
711 1636 898 1686 Ligurino
925 1637 1039 1688 μώμῳ
1073 1635 1165 1674 satis
1197 1635 1397 1683 faciamus,
1425 1636 1566 1674 moriar
1595 1636 1626 1674 si

291 1703 503 1753 quicquam
535 1702 615 1740 fieri
646 1710 775 1752 potest
806 1701 1033 1752 elegantius.
1095 1703 1180 1740 Nec
1208 1701 1285 1739 iam
1313 1715 1386 1751 ego
1410 1702 1512 1739 hanc
1537 1715 1626 1740 con-

292 1768 497 1807 tinentiam
531 1769 699 1818 appello,
738 1781 839 1817 quae
875 1767 994 1805 virtus
1031 1766 1222 1816 voluptati
1254 1766 1431 1805 resistere
1460 1766 1623 1805 videtur.

294 1836 378 1883 Ego
399 1833 438 1871 in
456 1833 532 1871 vita
554 1846 641 1871 mea
657 1834 763 1870 nulla
784 1846 973 1882 umquam
991 1833 1191 1882 voluptate
1213 1839 1320 1869 tanta
1340 1845 1427 1869 sum
1447 1833 1625 1870 adfectus
1649 1845 1685 1876 25

293 1907 440 1949 quanta
477 1898 640 1937 adficior
675 1899 749 1936 hac
790 1897 1020 1948 integritate,
1058 1910 1131 1935 nec
1166 1910 1230 1935 me
1268 1904 1347 1934 tam
1387 1898 1490 1934 fama
1524 1911 1625 1947 quae

294 1978 448 2003 summa
477 1971 534 2002 est
569 1977 687 2014 quarn
723 1977 783 2002 res
818 1964 903 2014 ipsa
935 1965 1113 2002 delectat.
1189 1962 1296 2011 Quid
1329 1962 1511 2012 quaeris?
1553 1963 1625 2001 fuit

295 2029 402 2068 tanti.
464 2031 532 2067 Me
560 2029 642 2079 ipse
672 2042 752 2067 non
781 2042 916 2067 noram
945 2042 1018 2066 nec
1046 2027 1138 2066 satis
1165 2027 1337 2065 sciebam
1359 2027 1454 2077 quid
1482 2027 1521 2064 in
1549 2028 1625 2066 hoc

293 2108 435 2145 genere
458 2096 583 2132 facere
612 2108 779 2144 possem.
844 2096 967 2132 Recte
994 2095 1244 2143 πεφυσίωμαι.
1302 2092 1411 2131 Nihil
1436 2100 1493 2130 est
1520 2106 1626 2142 prae-

1075 2196 1155 2229 equis

339 2242 386 2271 14,
410 2241 446 2270 15
471 2232 591 2271 quibus
611 2232 705 2270 equis
724 2231 876 2270 exceptis
894 2230 1026 2260 Baiter:
1063 2231 1204 2270 equibus
1222 2229 1374 2268 exceptis
1392 2229 1433 2259 M
1463 2230 1495 2259 in
1514 2239 1622 2269 mcvg.

295 2275 354 2305 ‘aL
373 2273 529 2313 quibus'j
548 2285 554 2303 :
579 2273 698 2312 quibus
715 2273 764 2302 vel*
777 2273 899 2311 quibus
924 2273 1065 2312 captivis
1092 2271 1245 2311 exceptis
1267 2270 1478 2312 chscnbmg:
1503 2272 1625 2311 quibus

292 2318 444 2356 exceptis
462 2316 636 2354 mancipiis
658 2316 787 2355 Tyri-cll,
805 2316 930 2345 Mz'illcr
1027 2317 1065 2345 16
1083 2315 1201 2346 tertiis.
1223 2325 1296 2344 cum
1314 2315 1397 2344 haec
1414 2314 1601 2345 scribebam
1618 2327 1625 2345 ;

294 2362 327 2391 in
355 2360 514 2391 tribunali
546 2359 735 2400 [Vescnbm'g
902 2369 943 2398 29
966 2357 1163 2399 πεφυσίωμαι
1194 2357 1293 2388 Vict.:
1321 2360 1545 2388 ΠΕΦΕΟΙΩΑΙ
1564 2358 1625 2388 M:

292 2404 475 2444 πεφι’σημαι
499 2402 698 2443 chsenherg,
720 2401 844 2432 Mz‘iller
