1732 2661
111 871 147 894 10

110 1551 147 1572 20

109 2199 148 2229 30

562 166 673 201 EPP.
708 165 784 201 AD
816 165 1074 203 ATTICVM
1495 164 1548 202 ΙΙ.
1573 164 1650 202 xvi

169 273 305 313 litteris
335 274 553 324 scripseras,
579 289 624 312 ex
652 273 828 311 familiari
861 282 897 312 te
923 273 1024 311 illius
1051 273 1208 312 audisse
1238 276 1433 324 prolatum
1458 274 1502 312 iri

167 339 317 389 aliquid
357 340 466 389 quod
501 352 619 377 nemo
654 338 903 388 improbaret,
943 338 1067 376 maius
1101 338 1250 388 aliquid
1284 339 1499 378 timueram.

170 406 263 443 Hoc
285 404 380 442 mihi
402 403 483 442 eius
506 403 614 442 modi
642 417 722 442 non
744 404 959 442 videbatur.
1023 403 1179 442 Deinde
1201 412 1241 441 ut
1264 417 1326 442 me
1347 412 1503 453 egomet

169 470 358 515 consoler,
401 469 530 508 omnis
570 468 810 518 exspectatio
841 468 1053 518 largitionis
1091 468 1262 518 agrariae
1294 468 1333 506 in
1365 483 1499 519 agrum

170 535 420 584 Campanum
442 533 595 572 videtur
625 547 709 571 esse
739 533 922 580 derivata,
947 533 1013 583 qui
1042 547 1142 583 ager,
1166 541 1208 571 ut
1238 534 1341 572 dena
1370 534 1502 584 iugera

168 599 258 645 sint,
280 613 359 638 non
389 599 557 649 amplius
582 598 764 637 homines
792 599 968 649 quinque
992 598 1099 637 milia
1126 606 1255 649 potest
1284 598 1501 646 sustinere;

169 663 317 713 reliqua
351 664 480 702 omnis
515 663 729 702 multitudo
762 665 813 702 ab
848 663 921 701 illis
956 663 1199 702 abalienetur
1233 677 1394 703 necesse
1432 672 1499 703 est.

170 730 374 767 Praeterea
404 729 435 767 si
468 730 546 766 ulla
573 742 631 766 res
664 736 721 766 est
752 742 853 778 quae
884 729 1080 767 bonorum
1110 728 1263 766 animos
1294 742 1393 779 quos
1426 729 1502 767 iarn

168 793 284 832 video
316 807 400 832 esse
432 801 655 832 commotos
687 793 960 832 vehementius
991 793 1114 843 possit
1148 793 1372 841 incendere,
1406 795 1503 832 haec

168 866 272 897 certe
302 866 359 896 est
390 866 427 897 et
458 873 505 897 eo
536 858 659 908 magis
690 859 798 908 quod
829 858 1010 908 portoriis
1040 858 1177 897 Italiae
1207 859 1380 906 sublatis,
1411 873 1503 909 agro

168 924 375 973 Campano
396 923 533 971 diviso,
558 925 666 973 quod
688 923 852 974 vectigal
873 931 1048 974 superest
1069 923 1332 962 domesticum
1354 932 1506 974 praeter

167 988 453 1026 vicensimam?
491 1002 592 1038 quae
626 988 721 1026 mihi
753 988 907 1027 videtur
940 1002 1019 1026 una
1049 987 1303 1027 contiuncula
1332 990 1503 1027 clamore

168 1053 475 1104 pedisequorum
515 1062 737 1092 nostrorum
777 1068 862 1093 esse
901 1053 1080 1104 peritura.
1141 1055 1300 1093 Gnaeus
1339 1054 1544 1104 quidem2

169 1127 300 1158 noster
330 1119 407 1158 iam
438 1121 554 1169 plane
584 1119 679 1170 quid
711 1119 855 1169 cogitet
885 1119 1044 1166 nescio3

408 1197 517 1247 φυσᾷ
545 1198 618 1248 γὰρ
647 1198 689 1234 οὐ
718 1197 934 1245 σμικροῖσιν
962 1196 1155 1236 αὐλίσκοις
1184 1196 1245 1243 ἔτι,

411 1260 499 1299 ἀλλ’
529 1262 673 1313 ἀγρίαις
702 1262 865 1309 φύσαισι
893 1263 1077 1311 φορβειᾶς
1107 1263 1204 1311 ἅτερ·

167 1336 234 1387 qui
265 1337 426 1387 quidem
449 1337 566 1376 etiam
589 1338 689 1376 istuc
709 1338 856 1377 adduci
877 1338 1058 1388 potuerit.
1120 1340 1223 1377 Nam
1253 1340 1384 1378 adhuc
1405 1340 1503 1378 haec

167 1405 379 1452 ἐσοφίζετο,
410 1417 451 1442 se
479 1405 582 1454 leges
616 1403 794 1443 Caesaris
822 1404 998 1454 probare,
1028 1403 1205 1442 actiones
1238 1404 1365 1454 ipsum
1397 1418 1503 1455 prae-

167 1477 267 1507 stare
288 1470 457 1517 debere3
488 1469 677 1520 agrariam
709 1471 835 1519 legem
865 1469 938 1507 sibi
966 1469 1169 1520 placuisse,
1194 1470 1363 1520 potuerit
1390 1470 1503 1509 inter-

166 1534 254 1573 cedi
291 1548 417 1573 necne
457 1535 553 1572 nihil
593 1536 644 1573 ad
684 1548 725 1573 se
766 1534 985 1584 pertinere3
1028 1536 1078 1573 de
1113 1548 1202 1585 rege
1233 1535 1502 1574 Alexandrino

166 1599 359 1649 placuisse
388 1599 461 1638 sibi
488 1600 703 1650 aliquando
725 1599 896 1647 confici3
925 1599 1090 1638 Bibulus
1111 1601 1161 1638 de
1182 1601 1293 1638 caelo
1320 1607 1403 1638 tum
1429 1614 1502 1639 ser-

166 1672 293 1702 vasset
325 1678 451 1703 necne
484 1664 557 1703 sibi
592 1666 864 1714 quaerendum
900 1679 981 1703 non
1013 1664 1156 1712 fuisse3
1198 1666 1249 1704 de
1280 1665 1501 1715 publicanis

166 1729 335 1768 voluisse
357 1729 411 1767 illi
432 1729 560 1768 ordini
582 1730 862 1777 commodare3
889 1729 985 1779 quid
1006 1730 1179 1767 futurum
1197 1729 1310 1768 fuerit
1331 1729 1361 1767 si
1384 1730 1502 1768 Bibu-

166 1796 226 1832 lus
258 1802 341 1832 tum
373 1794 412 1832 in
448 1796 575 1833 forum
611 1794 882 1833 descendisset
917 1808 958 1832 se
992 1794 1167 1833 divinare
1198 1808 1279 1833 non
1313 1795 1498 1845 potuisse.

130 1876 146 1907 5
168 1860 287 1897 Nunc
307 1872 409 1905 vero,
434 1859 757 1909 Sampsicerame,
781 1859 877 1909 quid
905 1859 1044 1898 dices?
1072 1859 1236 1910 vectigal
1261 1866 1298 1898 te
1319 1860 1434 1898 nobis
1461 1860 1501 1898 in

168 1933 303 1963 monte
338 1925 570 1964 Antilibano
610 1925 872 1973 constituisse,
913 1926 992 1976 agri
1033 1926 1227 1977 Campani
1265 1927 1501 1965 abstulisse?

168 1991 309 2039 Quid?
339 1992 415 2029 hoc
436 2005 555 2041 quem
576 1992 627 2030 ad
654 1992 818 2029 modum
844 1991 1073 2030 obtinebis?
1132 1995 1140 2011 ‘
1157 1993 1377 2042 Oppressos
1406 2006 1476 2031 vos
1493 1993 1501 2009 '

166 2055 294 2105 inquit
321 2056 487 2094 ‘tenebo
515 2055 684 2094 exercitu
710 2055 913 2095 Caesaris.'
971 2057 1063 2094 Non
1092 2070 1155 2094 me
1179 2058 1336 2095 hercule
1367 2071 1429 2095 me
1459 2065 1500 2096 tu

167 2120 329 2169 quidem
351 2127 430 2158 tarn
452 2120 527 2158 isto
548 2119 718 2158 exercitu
740 2134 859 2170 quam
881 2119 1038 2170 ingratis
1058 2121 1200 2159 animis
1221 2135 1356 2160 eorum
1378 2122 1502 2160 horni-

168 2199 263 2223 num
291 2184 357 2234 qui
384 2187 629 2235 appellantur
650 2185 756 2231 boni,
780 2185 847 2234 qui
875 2185 970 2223 mihi
992 2199 1072 2224 non
1094 2187 1216 2225 modo
1237 2186 1498 2236 praemiorum

211 2298 230 2326 3
255 2293 389 2326 egomet
421 2287 448 2318 C
473 2287 612 2318 Lamb.:
648 2298 712 2326 ego
739 2287 824 2318 codd.
998 2291 1018 2318 6
1042 2289 1200 2319 homines
1227 2288 1288 2320 M:
1327 2290 1498 2321 hominum

169 2331 209 2360 M
231 2333 373 2371 (ynmg.)
401 2332 503 2371 vulg..
531 2331 588 2361 sed
616 2333 651 2368 cf.
684 2331 857 2361 flellmullz
895 2332 1018 2362 ‘Uebcr
1039 2332 1087 2362 die
1109 2331 1253 2372 Spraclze
1284 2333 1338 2363 des
1372 2333 1498 2372 Galba‚'

173 2374 362 2414 Wic'rzbmg
389 2380 586 2414 pragi-amm
619 2375 710 2412 1888,
734 2379 766 2413 p.
803 2384 835 2413 14
996 2385 1031 2414 17
1057 2377 1176 2406 adduci
1203 2376 1238 2406 I:
1271 2377 1382 2407 addici
1409 2377 1496 2408 codd.

168 2418 324 2457 plerique:
350 2419 437 2448 adici
455 2417 506 2448 N:
533 2417 622 2456 adigi
640 2416 816 2448 Lehmann
