1773 2651
612 167 724 203 EPP.
757 167 834 203 AD
865 167 1125 205 ATTICVM
1496 169 1542 205 V.
1566 168 1644 204 xxi

192 283 293 322 sunt,
336 277 451 314 datae
494 276 621 314 Nonis
668 277 921 324 Octobribus,
963 279 1106 316 eodem
1154 291 1264 316 meae
1311 279 1523 316 tumultum

192 341 429 379 nuntiantes.
490 341 612 379 Axius
652 350 784 380 noster
821 343 875 380 ait
914 352 1066 380 nostras
1107 343 1349 381 auctoritatis
1388 345 1524 393 plenas

191 406 321 452 fuisse,
348 406 421 444 illis
443 414 558 457 negat
586 407 789 445 creditum.
852 407 981 445 Bibuli
1013 409 1192 446 nondum
1215 415 1324 446 erant
1344 409 1524 455 adlatae3

191 484 288 520 quas
310 479 417 509 certo
439 471 521 509 scio
542 473 677 521 plenas
699 471 848 509 timoris
870 473 961 510 fore.

153 541 170 572 5
247 537 306 572 Ex
345 535 404 573 his
444 537 560 574 rebus
602 537 677 574 hoc
716 551 851 575 vereor
895 551 944 575 ne
984 551 1074 575 cum
1111 537 1325 587 Pompeius
1365 543 1566 587 propter3

191 608 342 638 metum
363 614 491 639 rerum
512 615 702 640 novarum
725 615 921 652 nusquam
949 602 1179 649 dimittatur,
1204 603 1364 642 Caesari
1393 604 1523 641 nullus

191 666 319 703 honos
349 679 370 703 a
401 673 538 704 senatu
570 667 769 713 habeatur,
797 668 893 705 dum
924 667 988 705 hic
1019 669 1148 706 nodus
1179 668 1419 718 expediatur,
1443 681 1524 706 non

191 738 301 780 putet
329 739 487 769 senatus
516 745 587 769 nos
614 740 706 769 ante
731 745 849 781 quam
879 746 1105 770 successum
1133 733 1181 770 sit
1209 740 1389 782 oportere
1413 734 1526 771 dece-

191 796 283 833 dere
316 809 387 833 nec
421 796 460 833 in
492 804 602 834 tanto
643 805 752 834 motu
793 811 918 835 rerum
953 798 1070 836 tantis
1105 798 1315 848 provinciis
1350 798 1524 848 singulos

132 876 171 899 10
191 862 339 910 legatos
369 875 559 911 praeesse.
622 862 701 899 Hic
732 876 781 900 ne
811 862 907 912 quid
936 863 1031 900 mihi
1063 870 1301 913 prorogetur,
1334 865 1442 913 quod
1475 877 1524 901 ne

191 925 426 964 intercessor
453 926 616 976 quidem
639 926 830 965 sustinere
860 927 997 977 possit,
1019 929 1158 966 horreo
1182 935 1301 978 atque
1329 941 1375 966 eo
1401 927 1524 977 magis

191 992 299 1039 quod
344 998 384 1028 tu
430 991 525 1029 abes
565 991 632 1041 qui
667 991 843 1038 consilio,
884 992 1015 1042 gratia,
1057 992 1190 1030 studio
1233 992 1364 1030 multis
1408 992 1524 1030 rebus

191 1068 424 1093 occurreres.
504 1057 581 1094 Sed
629 1056 738 1094 dices
785 1071 847 1095 me
895 1057 1024 1107 ipsum
1072 1057 1167 1095 mihi
1216 1057 1522 1096 sollicitudinem

192 1128 347 1158 struere.
409 1122 541 1170 Cogor
570 1129 611 1159 ut
641 1122 757 1160 velim
788 1122 841 1160 ita
870 1122 942 1169 sit3
972 1124 1042 1161 sed
1073 1123 1207 1161 onmia
1231 1130 1376 1161 metuo.
1439 1122 1522 1160 Etsi

132 1201 168 1232 15
192 1185 339 1223 bellum
372 1188 648 1236 ἀκροτελεύτιον
680 1187 799 1225 habet
834 1187 899 1225 illa
928 1196 994 1226 tua
1028 1188 1195 1238 epistula
1224 1202 1342 1238 quam
1378 1187 1522 1226 dedisti

191 1265 385 1289 nauseans
412 1254 616 1299 Buthroto,
654 1253 778 1300 ‘Tibi‚
803 1260 844 1290 ut
871 1252 987 1291 video
1017 1261 1055 1292 et
1086 1267 1210 1303 spero,
1241 1255 1348 1291 nulla
1376 1255 1427 1291 ad
1457 1254 1521 1291 de-

190 1318 415 1356 cedendum
445 1319 515 1357 erit
546 1320 679 1357 mora.'
738 1320 901 1357 Mallem
935 1322 998 1356 ‘ut
1028 1318 1168 1366 video,7
1196 1319 1292 1356 nihil
1320 1332 1419 1368 opus
1449 1318 1521 1356 fuit

193 1386 256 1420 ‘ut
295 1386 433 1433 spero.'
502 1386 746 1434 Acceperam
784 1392 915 1422 autem
956 1383 1048 1422 satis
1087 1383 1262 1422 celeriter
1302 1383 1413 1422 Iconi
1453 1392 1564 1433 per4

190 1448 491 1497 publicanorum
514 1449 737 1487 tabellarios
758 1463 780 1487 a
802 1448 959 1487 Lentuli
981 1448 1180 1498 triumpho
1208 1450 1330 1486 datas.
1392 1449 1439 1486 In
1461 1448 1521 1486 his

132 1529 171 1551 20
190 1514 440 1566 γλυκύπικρον
477 1514 574 1552 illud
619 1515 829 1552 confirmas
878 1527 1027 1552 moram
1077 1513 1173 1551 mihi
1222 1515 1370 1551 nullam
1417 1514 1523 1560 fore3

191 1578 337 1617 deinde
376 1579 501 1625 addis,
543 1579 574 1616 si
614 1579 709 1628 quid
745 1592 867 1626 secus,
909 1586 947 1617 te
985 1580 1036 1617 ad
1076 1592 1139 1616 me
1178 1591 1263 1616 esse
1302 1585 1520 1616 venturum.

191 1646 353 1693 Angunt
386 1658 449 1683 me
483 1644 751 1682 dubitationes
779 1652 893 1691 tuae,
932 1643 1048 1681 simul
1078 1651 1115 1681 et
1145 1643 1254 1681 vides
1289 1656 1385 1692 quas
1417 1656 1524 1680 acce-

190 1709 313 1758 perim
344 1709 500 1747 litteras.
562 1711 665 1747 Nam
702 1722 798 1758 quas
835 1708 1051 1747 Hermonis
1091 1707 1331 1747 centurionis
1365 1709 1524 1746 caculae

192 1773 276 1823 ipse
296 1775 433 1813 scribis
454 1783 492 1813 te
513 1774 670 1813 dedisse
692 1788 772 1812 non
799 1774 945 1823 accepi.
1007 1774 1130 1812 Laeni
1151 1773 1280 1823 pueris
1307 1781 1345 1812 te
1366 1773 1524 1812 dedisse

132 1854 170 1885 25
194 1853 309 1889 saepe
336 1842 386 1878 ad
418 1854 481 1878 me
511 1840 729 1890 scripseras.
791 1841 868 1877 Eas
898 1839 1120 1878 Laodiceae
1151 1839 1332 1888 denique,
1357 1852 1448 1877 cum
1475 1852 1523 1877 eo

192 1905 398 1951 venissem,
442 1919 487 1943 111
526 1907 621 1944 Idus
657 1906 841 1943 Februar.
876 1904 1046 1943 Laenius
1079 1904 1175 1942 rnihi
1206 1904 1378 1942 reddidit
1412 1905 1522 1942 datas

191 1983 223 2007 a.
261 1972 297 2009 d.
335 1983 362 2008 Χ
400 1972 489 2009 Kal.
523 1970 718 2009 Octobris.
780 1970 929 2009 Laenio
961 1978 1046 2008 tuas
1081 1969 1449 2008 commendationes
1483 1977 1521 2007 et

192 2036 322 2074 statim
343 2036 471 2074 verbis
498 2044 535 2074 et
563 2036 713 2085 reliquo
734 2043 911 2085 tempore
940 2049 980 2073 re
1010 2035 1198 2085 probabo.
1260 2036 1341 2072 Eae
1371 2034 1520 2072 litterae
1538 2043 1562 2082 5

192 2109 320 2139 cetera
358 2110 488 2139 vetera
526 2101 737 2148 habebant,
772 2114 895 2139 unum
934 2101 1010 2138 hoc
1050 2113 1197 2137 novum
1237 2101 1287 2137 de
1327 2099 1520 2148 Cibyratis

131 2179 171 2210 30
193 2166 401 2215 pantheris.
463 2168 636 2204 Multum
667 2174 704 2204 te
733 2179 824 2204 amo
859 2166 967 2215 quod
1000 2164 1236 2214 respondisti
1268 2166 1323 2202 M.
1354 2164 1521 2203 Octavio

240 2281 252 2300 1
280 2271 379 2301 datae
396 2270 574 2310 Hosnmnn
592 2282 598 2300 ε
623 2270 655 2300 id
674 2274 725 2299 est
741 2269 781 2298 M
884 2279 921 2307 13
947 2269 1014 2299 Sed
1032 2268 1090 2299 dcl.
1115 2268 1246 2298 Ernesti
1346 2277 1384 2306 14
1409 2267 1522 2306 Cogor

193 2319 228 2343 ut
254 2313 452 2344 Lehmann:
485 2324 588 2353 cogor
610 2319 643 2343 et
667 2313 709 2343 M
883 2323 919 2351 17
946 2313 1009 2342 erit
1040 2323 1069 2342 v.
1091 2322 1114 2343 e.
1149 2306 1192 2340 Zb
1222 2311 1332 2342 ζητῇς
1368 2322 1433 2341 om.
1466 2314 1521 2342 ΣΔ

193 2368 236 2387 20
260 2357 364 2387 illud:
397 2358 578 2387 confirmas
616 2355 805 2396 lVesenbetg
914 2365 952 2385 21
979 2365 1054 2385 esse
1082 2354 1109 2385 C
1129 2355 1211 2385 Ant.
1238 2354 1350 2385 FNP:
1376 2355 1446 2385 sore
1470 2359 1521 2384 A:

193 2402 258 2431 secl.
280 2401 411 2430 Ernesti
518 2410 559 2438 23
586 2400 771 2430 Hermonis
787 2424 794 2430 .
815 2423 821 2430 .
844 2423 850 2430 .
873 2399 1008 2429 caculae
1026 2399 1097 2437 ipse
1118 2398 1326 2429 Gronovius:
1352 2397 1520 2428 Hermoni

224 2468 231 2475 .
251 2468 258 2475 .
279 2445 399 2474 canule
419 2445 490 2482 ipse
508 2444 566 2473 M:
594 2444 762 2474 Hermoni
781 2468 787 2473 .
809 2467 816 2474 .
835 2467 842 2474 .
863 2442 1006 2473 Canulei
1024 2442 1143 2472 liberto
1160 2442 1277 2472 Lamo.
1385 2444 1426 2472 28
1452 2442 1521 2472 Eae

195 2469 313 2519 ⁸Roma
340 2489 382 2518 he
401 2487 480 2518 M²z
506 2498 570 2518 om.
592 2486 650 2517 M¹
