1773 2651
570 131 682 167 EPP.
716 131 792 166 AD
824 129 1083 167 ATTICVM
1483 130 1526 165 V.
1547 139 1575 164 x

181 249 284 279 totos
314 241 398 279 dies
429 240 543 279 simul
574 254 738 278 eramus.
799 242 861 278 Tu
889 239 1005 278 velim
1036 253 1127 277 cum
1162 239 1331 289 primum
1368 240 1511 289 poteris

180 314 246 344 tua
268 305 431 344 consilia
450 307 500 343 ad
529 319 592 343 me
619 304 776 351 scribas,
801 312 842 342 ut
863 304 984 342 sciam
1012 304 1108 354 quid
1129 318 1232 354 agaS,
1256 304 1323 342 ubi
1352 317 1512 354 quoque

180 377 351 421 tempore,
376 370 543 408 maxime
565 371 726 419 quando
749 372 902 408 Romae
924 371 1075 407 futurus
1096 369 1157 407 sis.

223 482 290 517 XI
464 484 532 516 Ser.
551 484 692 514 Athenis
703 489 754 524 pr.
774 483 860 514 Non.
880 484 993 523 Quint.
1013 495 1044 514 α.
1067 494 1121 523 705
1141 484 1226 525 (μ).

140 558 158 590 5
602 558 776 589 CICERO
802 557 974 588 ATTICO
1001 557 1097 589 SAL.

235 633 330 679 Hui,
366 631 561 671 totiensne
595 645 658 669 me
692 631 837 669 litteras
869 631 1027 670 dedisse
1058 632 1240 677 Romam,
1274 644 1364 669 cum
1394 632 1445 669 ad
1475 638 1512 670 te
1532 640 1549 667 1

180 699 307 736 nullas
328 698 493 735 darem?
550 698 602 734 At
623 710 714 734 vero
743 697 908 746 posthac
935 697 1075 734 frustra
1095 696 1226 745 potius
1254 696 1360 734 dabo
1380 709 1511 746 quam,

180 763 211 801 si
242 771 346 801 recte
376 762 458 800 dari
490 762 699 812 potuerint,
723 761 969 800 committam
1000 768 1042 799 ut
1072 774 1153 799 non
1181 762 1284 799 dem.
1345 762 1407 799 Ne
1430 774 1514 811 pro-

179 827 307 866 vincia
334 826 450 865 nobis
478 834 717 876 prorogetur,
744 839 813 876 per
840 828 1038 864 fortunas!
1068 827 1164 864 dum
1194 828 1299 872 ades
1324 826 1513 876 quicquid

122 907 161 930 10
180 892 375 943 provideri
396 893 543 942 polerit
570 892 742 941 provide.
804 893 897 929 Non
930 891 1008 930 dici
1043 899 1174 941 potest
1204 905 1323 941 quam
1355 893 1513 941 flagrem

179 957 376 997 desiderio
398 957 514 1004 urbis,
539 971 657 1007 quam
679 957 742 995 vix
762 959 899 995 harum
922 970 1049 995 rerum
1071 956 1331 996 insulsitatem
1353 959 1483 996 feram.

236 1025 448 1062 Marcellus
470 1024 585 1062 foede
613 1023 653 1061 in
675 1023 877 1062 Comensi.
938 1022 1021 1060 Etsi
1047 1022 1112 1060 ille
1136 1023 1405 1073 magistratum
1433 1036 1514 1060 non
1534 1033 1557 1059 2

180 1096 361 1139 gesserat,
386 1096 466 1126 erat
496 1096 629 1126 tamen
658 1089 976 1137 Transpadanus.
1040 1089 1101 1125 Ita
1131 1087 1227 1125 mihi
1255 1087 1408 1126 videtur
1434 1101 1515 1126 non

183 1154 313 1192 minus
334 1153 529 1192 stomachi
550 1161 684 1192 nostro
710 1167 825 1202 quam
848 1152 1006 1192 Caesari
1028 1152 1177 1191 fecisse.
1236 1154 1314 1192 Sed
1336 1155 1412 1191 hoc
1433 1153 1516 1203 ipse

125 1231 162 1263 15
182 1218 331 1257 viderit.
393 1218 606 1268 Pompeius
641 1218 737 1255 mihi
776 1231 935 1268 quoque
974 1217 1191 1265 videbatur,
1232 1220 1340 1268 quod
1380 1218 1560 1262 scribis3

182 1285 400 1322 Varronem
422 1283 562 1330 dicere,
580 1282 619 1320 in
639 1282 875 1333 Hispaniam
893 1290 998 1321 certe
1014 1282 1146 1321 iturus.
1200 1284 1248 1321 Id
1265 1296 1338 1333 ego
1355 1283 1517 1321 minime

182 1348 399 1398 probabam
416 1363 425 1396 3
455 1347 522 1398 qui
544 1347 707 1398 quidem
728 1347 966 1397 Theophani
987 1347 1099 1386 facile
1120 1348 1294 1398 persuasi
1314 1348 1411 1386 nihil
1432 1362 1517 1387 esse

182 1412 321 1451 melius
349 1426 468 1463 quam
497 1413 606 1451 illum
635 1426 831 1463 nusquam
857 1413 1071 1451 discedere.
1133 1415 1237 1463 Ergo
1262 1415 1437 1452 Graecus
1464 1414 1517 1452 in-

182 1478 354 1517 cumbet.
406 1479 521 1516 Valet
541 1486 674 1516 autern
696 1477 907 1516 auctoritas
928 1477 1011 1516 eius
1031 1479 1138 1528 apud
1159 1478 1269 1516 illum
1290 1478 1513 1528 plurimum.

123 1556 163 1579 20
238 1544 323 1593 Ego
355 1544 425 1581 has
455 1557 510 1593 pr.
541 1544 679 1582 Nonas
711 1542 899 1592 Quintilis
929 1542 1183 1593 proficiscens
1212 1543 1381 1582 Athenis
1410 1543 1515 1590 dedi,
1536 1547 1562 1584 4

182 1621 273 1646 cum
309 1607 363 1646 ibi
399 1609 539 1646 decem
572 1608 677 1659 ipsos
710 1608 871 1647 fuissem
907 1607 1003 1647 dies.
1062 1610 1235 1647 Venerat
1270 1608 1516 1658 Pomptinus,

182 1686 261 1710 una
296 1673 368 1711 Cn.
407 1672 622 1720 Volusius;
664 1673 799 1711 aderat
838 1681 1046 1723 quaestor3
1095 1681 1184 1712 tuus
1224 1687 1326 1712 unus
1365 1674 1519 1712 Tullius

182 1737 326 1775 aberat.
388 1738 589 1787 Aphracta
628 1737 879 1776 Rhodiorum
919 1746 957 1776 et
996 1738 1146 1777 dicrota
1186 1739 1517 1788 Mytilenaeorum

183 1802 381 1840 habebam
411 1810 449 1841 et
478 1802 628 1852 aliquid
658 1803 858 1841 ἐπικώπων.
920 1804 982 1841 De
1012 1803 1165 1841 Parthis
1195 1811 1275 1842 erat
1305 1803 1514 1843 silentium.

126 1881 164 1913 25
186 1868 307 1916 Quod
338 1875 525 1917 superest,
557 1867 597 1906 di
628 1867 785 1906 iuvent!

240 1933 324 1970 Nos
354 1933 485 1970 adhuc
515 1932 586 1971 iter
616 1946 684 1982 per
714 1933 921 1972 Graeciam
952 1947 1108 1973 summa
1137 1948 1228 1973 cum
1257 1935 1517 1974 admiratione
1536 1945 1561 1984 5

185 1996 359 2043 fecimus,
383 2011 456 2036 nec
478 2011 542 2036 me
566 1999 724 2036 hercule
752 1999 881 2037 habeo
907 2001 1017 2049 quod
1037 2001 1169 2038 adhuc
1191 2014 1309 2050 quem
1334 2014 1517 2039 accusem

186 2075 375 2099 meorum.
435 2062 631 2101 Videntur
670 2063 765 2101 mihi
805 2077 921 2102 nosse
960 2072 1134 2103 nostram
1166 2078 1325 2103 causam
1358 2073 1396 2104 et
1430 2079 1520 2103 con-

186 2125 385 2164 dicionem
420 2127 674 2176 profectionis
715 2141 832 2175 suae3
873 2130 990 2178 plane
1029 2129 1202 2168 serviunt
1242 2130 1519 2169 existimationi

235 2239 247 2258 1
275 2229 324 2258 Tu
342 2229 441 2259 velim
459 2230 562 2260 Boot:
589 2231 729 2261 invecim
747 2231 826 2262 M¹:
852 2232 956 2262 iuncti
971 2231 1025 2262 M²
1044 2244 1050 2263 z
1076 2233 1217 2264 iunctim
1235 2233 1279 2262 Zo
1499 2245 1519 2265 2

188 2272 315 2302 scribes
335 2272 437 2302 Orelli
543 2284 562 2312 3
587 2279 739 2314 tempore
764 2275 839 2306 add.
870 2275 957 2306 Crat.
1063 2287 1101 2307 10
1126 2278 1250 2316 poterit
1275 2277 1350 2308 add.
1369 2277 1518 2309 Scln’clze:

190 2320 300 2354 potest
317 2316 392 2347 add.
411 2320 481 2348 vett.
617 2327 655 2356 13
681 2324 833 2356 gesserat
846 2318 1082 2359 Pantagathus
1098 2331 1104 2350 :
1128 2321 1274 2359 gesserit
1291 2321 1377 2352 codd.
1481 2332 1518 2361 14

189 2359 379 2431 quamlbrdd.
397 2358 587 2400 Malaspina
681 2362 719 2391 18
744 2362 835 2400 illud,
855 2373 1017 2401 nusquam
1037 2363 1100 2393 Leo
1234 2375 1274 2394 22
1299 2375 1363 2395 una
1376 2365 1496 2396 Rosius
1512 2377 1518 2395 z

190 2412 265 2431 nam
