1773 2651
121 161 198 198 ΙΙΙ.
217 162 325 198 xxiii
610 165 666 200 M.
699 165 867 201 TVLLI
900 165 1207 204 CICERONIS

241 287 362 323 quom
384 282 422 313 et
438 289 476 313 re
498 289 587 313 vera
603 275 654 313 ita
680 275 727 313 sit
749 283 786 313 et
808 289 928 325 quom
951 290 1105 326 semper
1126 277 1179 314 ita
1195 277 1373 315 habitum
1396 279 1574 317 observa-

241 346 404 389 tumque
425 339 484 386 sit,
508 347 599 378 octo
627 340 748 378 nostri
770 340 916 378 tribuni
937 342 986 390 pl.
1013 349 1130 390 caput
1158 350 1373 391 posuerunt
1400 343 1499 380 hoc:
1531 345 1571 381 Si

240 415 341 448 QVID
377 416 421 441 1N
456 416 538 442 ΗΔΕ
574 416 815 442 ROGATIONE
849 417 1054 443 SCRIPTVM
1089 417 1160 443 EST
1192 418 1304 450 QVOD
1336 418 1414 444 PER
1447 419 1574 445 LEGES

242 480 436 507 PLEssisvi:
458 481 584 516 sciTA,
608 471 684 507 hoc
712 477 769 507 est
798 471 906 519 quod
928 484 996 519 per
1022 471 1148 520 legem
1171 471 1369 517 Clodiam,
1391 483 1575 509 PROMVL-

240 545 362 580 GARE,
392 546 630 581 ABROGARE,
658 546 898 579 DEROGARE,
927 546 1150 573 OBROGARE
1181 547 1274 573 siNE
1307 548 1470 573 FRAVDE
1500 548 1574 574 SVA
1595 547 1612 579 5

240 611 329 636 NON
360 610 518 645 LICEAT,
542 611 629 637 NON
662 611 867 646 LICVERIT,
891 611 1058 644 QVODVE
1083 612 1135 647 El,
1163 612 1231 644 QVI
1265 612 1572 648 PROMVLGAVIT,

240 673 499 710 ABROGAJ’JT,
524 675 779 711 DEROGAvlT,
805 675 1056 710 OBROGAJ'JT,
1088 677 1138 702 OB
1170 677 1257 702 EAM
1289 677 1377 703 REM
1410 677 1574 704 POENAE

194 734 221 772 4
242 739 463 766 MVLTAEVE
486 741 557 776 sm,
582 741 616 767 E.
643 742 682 767 H.
708 741 740 767 L.
767 742 805 766 N.
830 741 868 767 R.
927 731 1060 779 Atque
1082 731 1158 768 hoe
1179 730 1219 767 in
1241 730 1314 768 illis
1335 730 1500 768 tribunis
1521 732 1571 780 pl.

240 805 320 830 non
349 795 556 838 laedebat3
586 796 670 844 lege
698 794 804 833 enim
826 794 965 845 collegi
988 795 1046 832 sui
1068 809 1148 833 non
1176 796 1420 833 tenebantur.
1481 796 1574 844 Quo

242 858 364 896 maior
385 867 442 897 est
464 859 636 908 suspicio
658 859 828 897 malitiae
854 859 1060 909 aliquoius,
1084 873 1174 897 cum
1202 859 1242 898 id
1267 861 1376 909 quod
1395 861 1446 898 ad
1468 859 1573 909 ipsos
1596 871 1634 894 10

242 923 338 960 nihil
366 924 586 973 pertinebat
614 932 695 963 erat
718 932 851 963 autem
879 933 1016 963 contra
1046 939 1109 963 me
1139 925 1386 975 scripserunt,
1410 933 1452 962 ut
1482 925 1573 963 novi

241 989 387 1027 tribuni
417 991 466 1040 pl.
497 990 529 1027 si
559 998 689 1028 essent
719 990 936 1029 timidiores
967 992 1092 1029 multo
1119 990 1241 1040 magis
1269 990 1342 1028 sibi
1372 1003 1419 1028 eo
1447 990 1574 1040 capite

240 1056 434 1092 utendum
456 1063 647 1105 putarent.
709 1057 851 1105 Neque
879 1055 919 1094 id
939 1069 962 1093 a
982 1055 1127 1095 Clodio
1154 1055 1470 1106 praetermissum
1491 1063 1574 1102 est;

241 1120 337 1158 dixit
376 1121 481 1159 enim
522 1121 561 1158 in
599 1121 787 1160 contione
824 1135 857 1159 a.
895 1123 932 1159 d.
968 1134 1013 1159 111
1051 1123 1188 1159 Nonas
1221 1120 1458 1159 Novembris
1497 1122 1573 1159 hoc

240 1186 369 1236 capite
396 1186 608 1236 designatis
636 1186 801 1225 tribunis
822 1189 872 1237 pl.
896 1187 1178 1237 praescriptum
1200 1200 1285 1225 esse
1312 1186 1408 1236 quid
1429 1186 1571 1224 liceret.
1597 1194 1631 1225 15

240 1253 394 1289 Tamen
415 1251 455 1289 in
475 1253 559 1302 lege
575 1254 683 1290 nulla
702 1266 787 1291 esse
808 1253 891 1291 eius
908 1252 1017 1291 modi
1038 1260 1155 1302 eaput
1176 1260 1214 1290 te
1234 1266 1315 1290 non
1336 1252 1442 1297 fallit,
1465 1252 1573 1301 quod

239 1316 271 1354 si
299 1330 399 1366 opus
420 1326 532 1364 esset,
557 1332 696 1356 omnes
716 1318 756 1356 in
783 1319 1013 1368 abrogando
1038 1323 1244 1355 uterentur.
1305 1319 1358 1355 Vt
1380 1317 1572 1355 Ninnium

239 1390 307 1420 aut
337 1390 487 1422 ceteros
512 1384 651 1433 fugerit
678 1384 886 1434 investiges
916 1383 1033 1422 velim
1061 1392 1099 1422 et
1127 1383 1213 1433 quis
1239 1383 1411 1422 attulerit
1432 1391 1469 1421 et
1496 1397 1574 1433 qua

240 1463 281 1487 re
302 1457 393 1487 octo
414 1449 559 1487 tribuni
580 1451 630 1499 pl.
654 1451 705 1488 ad
727 1458 907 1488 senatum
930 1451 979 1487 de
1001 1463 1065 1488 me
1086 1451 1226 1487 referre
1247 1463 1327 1487 non
1343 1448 1569 1494 dubitarint,

240 1516 344 1554 sive.
369 1546 376 1553 .
401 1546 408 1553 .
432 1515 512 1553 sive
540 1516 648 1565 quod
676 1516 968 1553 observandum
990 1515 1087 1553 illud
1114 1522 1232 1565 caput
1259 1528 1339 1553 non
1366 1514 1569 1564 putabant,
1594 1525 1634 1547 20

241 1580 371 1618 eidem
414 1580 453 1617 in
487 1581 717 1630 abrogando
756 1588 835 1619 tam
875 1580 979 1619 cauti
1019 1581 1160 1619 fuerint
1198 1587 1241 1618 ut
1279 1579 1320 1618 id
1354 1586 1573 1618 metuerent

241 1646 359 1684 soluti
379 1659 471 1684 curn
492 1654 636 1693 essent,
657 1647 766 1696 quod
788 1660 837 1684 ne
858 1646 903 1684 iis
925 1646 1086 1696 quidem
1115 1645 1182 1696 qui
1203 1647 1288 1695 lege
1308 1652 1491 1683 tenentur
1515 1652 1573 1683 est

241 1713 471 1750 curandum.
533 1713 581 1750 Id
605 1720 723 1762 caput
750 1726 844 1750 sane
869 1712 991 1750 nolim
1019 1725 1142 1750 novos
1167 1711 1345 1749 tribunos
1373 1712 1422 1760 pl.
1452 1711 1575 1757 ferre3

242 1779 312 1816 sed
342 1778 536 1827 perferant
565 1778 688 1815 modo
717 1777 936 1827 quidlibet3
971 1791 1051 1815 uno
1080 1776 1208 1826 capite
1238 1790 1318 1826 quo
1347 1775 1571 1821 revocabor,

244 1844 364 1881 modo
399 1856 458 1880 res
493 1841 732 1888 conficiatur,
766 1855 833 1880 ero
867 1849 1087 1880 contentus.
1149 1843 1234 1879 Iam
1267 1842 1418 1879 dudum
1450 1840 1573 1889 pudet
1594 1854 1632 1888 ²5

243 1917 322 1947 tam
344 1909 467 1946 multa
487 1907 655 1945 scribere
671 1922 681 1954 ς
709 1921 844 1945 vereor
864 1907 969 1945 enim
995 1921 1044 1945 ne
1065 1921 1105 1944 re
1125 1906 1202 1944 iam
1230 1907 1435 1956 desperata
1455 1906 1570 1954 legas,

244 1982 286 2012 ut
306 1976 403 2012 haee
425 1987 512 2011 mea
532 1973 734 2022 diligentia
755 1972 985 2011 miserabilis
1007 1972 1091 2019 tibi,
1111 1972 1195 2010 aliis
1221 1971 1426 2009 inridenda
1446 1970 1574 2008 videa-

291 2091 303 2109 I
331 2090 431 2119 quom
461 2084 493 2108 et
529 2078 566 2108 O'
599 2078 739 2108 Rosius:
774 2078 862 2116 quod
890 2076 966 2107 Ms:
1003 2082 1036 2107 et
1058 2078 1146 2115 quod
1171 2074 1223 2106 N:
1249 2075 1336 2113 quod
1362 2080 1393 2104 et
1421 2074 1483 2104 0²¹:
1509 2085 1574 2114 quo

244 2124 344 2154 modo
369 2128 401 2153 et
427 2123 459 2152 P
568 2127 601 2152 et
623 2132 724 2160 quom
751 2120 873 2152 NOP:
912 2131 976 2151 om.
1007 2126 1039 2150 et
1065 2119 1112 2150 M.
1168 2119 1286 2149 Totum
1313 2118 1418 2147 locum
1445 2119 1489 2147 ila
1517 2118 1575 2148 dat

243 2167 399 2197 Bz'iclzeler
419 2166 504 2202 Hoc,
529 2167 619 2204 quod
647 2176 682 2195 re
699 2176 779 2195 vera
800 2166 844 2194 ita
862 2169 923 2203 est⁷
945 2174 1018 2194 cum
1154 2173 1170 2200 7
1196 2171 1400 2192 ABROGAVIT
1416 2166 1444 2191 et
1464 2171 1572 2191 OBRo-

244 2220 348 2240 GAVIT
364 2209 439 2240 add.
454 2209 609 2240 Pithoeus
678 2218 792 2239 POENA
809 2218 842 2238 El
861 2217 1020 2237 MVLTAVE
1037 2216 1112 2237 suc-r
1127 2206 1316 2236 Mommsen
1406 2215 1427 2243 9
1452 2205 1572 2243 collegi

243 2254 330 2284 codd.
350 2266 356 2284 :
380 2253 543 2292 conlegae
568 2253 748 2282 Ascensz'us
777 2252 838 2287 (ed.
870 2253 904 2281 2}
1043 2261 1081 2280 10
1106 2249 1197 2288 cum]
1224 2249 1314 2288 quod
1340 2248 1360 2278 I
1386 2247 1576 2287 Il‘stenbetg

248 2308 284 2336 15
310 2297 554 2336 praescriptum
574 2296 626 2327 P:
657 2297 882 2334 proscriptum
909 2293 1018 2323 ΝΟΜ
1151 2295 1189 2322 16
1213 2291 1318 2331 quod]
1344 2302 1411 2330 quo
1438 2291 1577 2330 flladvig

248 2351 284 2379 17
312 2345 487 2371 uterentur
511 2340 586 2370 add.
614 2339 794 2369 Ascensius
904 2337 948 2367 Vt
975 2336 1184 2376 Malaspz'na:
1219 2340 1275 2366 aut
1302 2335 1387 2365 codd.
1532 2345 1573 2364 20

245 2385 316 2414 sive
335 2408 340 2414 .
361 2409 367 2415 .
389 2410 395 2415 .
417 2384 503 2413 sivel
522 2383 641 2413 Orelli:
665 2382 736 2412 sive
757 2382 865 2412 OMs:
889 2381 963 2410 sine
982 2380 1066 2410 NP:
1091 2380 1219 2410 scilicet
1245 2378 1463 2408 Lallemand:
1490 2388 1571 2408 sane

244 2428 334 2465 quod
352 2427 529 2466 qunmmz
664 2436 702 2455 21
731 2425 855 2455 suerint
866 2424 987 2454 Rosius
1003 2435 1009 2454 :
1035 2424 1169 2453 suerunt
1183 2422 1233 2453 vel
1248 2422 1379 2452 fuerant
1395 2421 1483 2452 codd.
