1773 2651
615 164 727 201 EPP.
760 164 838 200 AD
873 163 1133 201 ATTICVM
1478 162 1548 198 VI.
1572 161 1650 197 viii

193 286 251 310 res
283 274 494 321 Romanas,
524 274 658 312 videas
687 274 783 324 quid
813 274 928 312 nobis
957 275 1007 313 de
1038 274 1237 324 triumpho
1267 273 1522 322 cogitandum

191 346 304 387 putes
333 340 383 377 ad
413 353 531 389 quem
561 339 676 377 amici
708 353 770 377 me
799 347 952 377 vocant.
1027 341 1112 388 Ego
1142 338 1215 376 nisi
1247 338 1411 376 Bibulus
1441 337 1522 387 qui,

190 403 285 440 dum
308 417 408 441 unus
429 403 552 441 hostis
574 403 613 441 in
635 403 742 452 Syria
762 403 843 449 fuit,
867 404 1010 453 pedem
1033 410 1144 453 porta
1172 417 1251 441 non
1273 405 1359 452 plus
1384 403 1522 441 extulit

190 482 308 517 quam
343 470 465 507 domo
504 483 582 514 sua,
616 469 856 507 adniteretur
894 470 945 507 de
984 468 1194 518 triumpho,
1228 482 1355 517 aequo
1386 467 1520 506 animo

150 546 166 578 5
191 546 327 571 essem.
376 535 493 572 Nunc
514 548 606 572 vero
626 536 784 586 αἰσχρὸν
804 538 960 572 σιωπᾶν.
1002 535 1080 572 Sed
1102 535 1259 583 explora
1280 547 1359 571 rem
1382 541 1520 580 totam,

190 606 232 636 ut
253 612 333 648 quo
354 599 417 637 die
438 599 635 648 congressi
656 599 800 637 erimus
821 599 1030 638 consilium
1052 612 1190 649 capere
1211 598 1417 648 possimus.

244 664 310 701 Sat
332 665 463 710 multa,
488 664 554 713 qui
582 672 620 702 et
646 677 893 714 properarem
915 672 953 702 et
974 663 1009 702 ei
1036 663 1181 701 litteras
1208 664 1341 701 darem
1363 663 1429 713 qui
1454 671 1520 701 aut

189 741 345 766 mecum
366 736 432 766 aut
453 730 570 778 paulo
591 736 682 767 ante
703 737 888 767 venturus
909 736 1020 767 esset.
1060 729 1200 768 Cicero
1221 727 1290 766 tibi
1311 728 1518 778 plurimam

188 794 352 832 salutem
374 794 478 832 dicit.
538 796 601 833 Tu
622 795 730 833 dices
757 795 959 845 utriusque
980 802 1157 833 nostrum
1184 793 1311 832 verbis
1332 801 1369 832 et
1398 793 1519 831 Piliae

129 871 168 893 10
188 865 276 896 tuae
296 867 334 897 et
357 859 468 898 filiae.

227 1001 295 1036 IX
551 1005 619 1038 Ser.
640 1006 779 1037 Athenis
794 1005 846 1037 Id.
866 1005 932 1037 Oct.
953 1017 983 1037 a.
1004 1016 1064 1046 704
1085 1006 1167 1047 (50).

599 1094 775 1125 CICERO
800 1094 974 1125 ATTICO
1001 1094 1098 1126 SAL.

242 1184 289 1221 In
317 1182 476 1222 Piraeea
506 1196 595 1222 cum
625 1184 790 1222 exissem
819 1183 943 1234 pridie
973 1185 1068 1222 Idus
1097 1183 1272 1230 Octobr.‚
1305 1182 1440 1232 accepi
1461 1182 1511 1220 ab
1533 1196 1549 1224 1

183 1251 331 1287 Acasto
353 1262 463 1287 servo
486 1262 575 1287 meo
605 1249 735 1287 statim
757 1257 843 1287 tuas
873 1249 1029 1287 litteras.
1090 1251 1199 1298 Quas
1230 1248 1390 1298 quidem
1420 1261 1511 1286 cum

126 1328 161 1360 15
182 1322 470 1364 exspectassem
501 1313 577 1352 iam
609 1314 690 1361 diu,
719 1314 933 1352 admiratus
962 1328 1062 1362 sum,
1084 1322 1125 1352 ut
1155 1313 1234 1352 vidi
1264 1313 1510 1363 obsignatam

181 1379 403 1428 epistulam,
426 1378 659 1417 brevitatem
691 1378 787 1425 eius,
809 1386 851 1416 ut
880 1378 1025 1428 aperui,
1049 1391 1179 1416 rursus
1206 1380 1394 1430 σύγχυσιν
1414 1378 1511 1416 litte-

180 1446 364 1491 rularum,
396 1443 489 1494 quia
521 1445 648 1482 solent
682 1451 772 1482 tuae
803 1443 1158 1494 compositissimae
1197 1451 1235 1482 et
1274 1443 1509 1482 clarissimae

180 1523 278 1557 esse,
313 1523 372 1557 ac,
404 1523 454 1547 ne
487 1511 620 1556 multa,
653 1509 820 1559 cognovi
851 1523 896 1547 ex
926 1523 973 1548 eo
1004 1510 1112 1559 quod
1150 1508 1203 1546 ita
1232 1509 1438 1559 scripseras
1471 1517 1508 1546 te

181 1575 352 1612 Romam
383 1573 535 1612 venisse
565 1587 596 1611 a.
621 1575 742 1613 d.x11
775 1576 862 1612 Kal.
887 1575 974 1612 Oct.
1005 1587 1095 1612 cum
1127 1573 1235 1611 febri.
1296 1575 1508 1612 Percussus

121 1655 160 1676 20
178 1639 431 1677 vehementer
451 1652 524 1677 nec
546 1638 668 1689 magis
690 1652 808 1688 quarn
823 1638 957 1686 debui,
971 1638 1102 1676 statim
1117 1652 1263 1688 quaero
1284 1652 1330 1676 ex
1346 1640 1504 1676 Acasto.

180 1705 251 1742 Ille
280 1712 317 1742 et
348 1704 418 1742 tibi
448 1712 485 1742 et
517 1704 590 1742 sibi
611 1703 738 1742 visum
769 1711 806 1742 et
837 1703 889 1742 ita
919 1717 960 1742 se
988 1703 1097 1742 domi
1125 1717 1171 1741 ex
1192 1703 1267 1741 tuis
1288 1703 1444 1741 audisse
1465 1711 1507 1740 ut

177 1768 273 1806 nihil
303 1777 404 1807 esset
425 1769 689 1807 incommode.
751 1770 799 1807 Id
820 1769 1025 1807 videbatur
1052 1768 1270 1819 approbare
1297 1770 1405 1818 quod
1426 1776 1506 1806 erat

176 1832 215 1870 in
237 1841 424 1880 extremo,
446 1833 676 1872 febriculam
698 1841 781 1871 tum
803 1841 840 1871 te
862 1833 1075 1871 habentem
1099 1832 1307 1883 scripsisse.
1368 1834 1445 1871 Sed
1468 1840 1505 1870 te

175 1897 301 1935 amavi
333 1905 464 1936 tamen
495 1897 790 1948 admiratusque
821 1911 907 1935 sum
931 1899 1039 1948 quod
1071 1897 1194 1936 nihilo
1220 1897 1348 1935 minus
1369 1898 1420 1935 ad
1441 1911 1504 1935 me

117 1976 154 2008 ²5
176 1969 242 1999 tua
263 1976 381 2000 manu
403 1962 632 2012 scripsisses.
693 1963 784 2012 Qua
813 1976 853 2000 re
883 1964 933 2001 de
963 1963 1040 2000 hoc
1070 1962 1171 2000 satis.
1232 1964 1354 2012 Spero
1383 1962 1503 2010 enim,

175 2039 275 2076 quae
306 2035 371 2065 tua
399 2027 607 2078 prudentia
637 2034 674 2065 et
705 2027 963 2077 temperantia
993 2035 1064 2074 est,
1095 2034 1131 2065 et
1162 2028 1333 2075 hercule,
1368 2035 1409 2065 ut
1439 2041 1502 2067 me

173 2092 281 2130 iubet
302 2094 480 2140 Acastus,
504 2093 664 2131 confido
686 2100 723 2131 te
744 2092 821 2130 iam
843 2100 885 2131 ut
906 2093 1087 2131 volumus
1109 2094 1245 2131 valere.

216 2205 235 2234 3
259 2195 365 2226 hostis
393 2195 489 2227 Victa
514 2196 631 2235 hospis
648 2189 710 2226 Zl:
734 2196 861 2235 hospes
879 2195 916 2225 M
1071 2207 1090 2235 4
1115 2197 1148 2226 si
1159 2195 1291 2235 aliquid
1309 2195 1411 2226 deesse
1426 2201 1502 2227 ante

172 2239 270 2268 domo
282 2242 430 2279 putatur,
451 2239 642 2269 addendum
658 2243 703 2269 est
718 2239 768 2269 vel
787 2238 876 2269 dorni
902 2239 950 2269 vel
975 2240 1096 2269 modo:
1124 2239 1198 2271 add.
1218 2239 1334 2270 consul
1350 2241 1399 2270 vel
1419 2241 1498 2270 olim

169 2281 292 2312 Scln'itz
422 2293 438 2321 7
465 2282 524 2313 Sat
539 2281 681 2313 Sclu'ilz:
705 2288 738 2313 at
761 2283 803 2313 M
943 2293 979 2321 r7
1003 2283 1083 2322 quia
1099 2283 1219 2314 Klotz:
1242 2294 1328 2322 quae
1346 2283 1391 2321 M,
1412 2285 1501 2323 quod

172 2326 299 2355 retineri
310 2329 415 2365 potest
429 2327 460 2355 si
473 2330 551 2356 tuae
568 2326 678 2356 eicitur
807 2337 848 2357 22
874 2327 1075 2357 incommodi
1099 2325 1263 2367 Vollgraff
1388 2337 1438 2366 23,
1456 2338 1496 2367 24

172 2368 241 2399 Sed
259 2373 292 2398 te
309 2369 416 2399 amavi
439 2370 517 2399 coni.
540 2369 735 2409 lVesenberg,
755 2369 820 2401 coll.
840 2370 934 2401 Fam.
956 2370 975 2400 i.
998 2380 1024 2408 7.
1044 2380 1065 2408 9
1083 2382 1089 2400 ε
1112 2371 1172 2400 sed
1192 2370 1330 2401 clamavi
1354 2370 1409 2401 M:
1436 2373 1495 2402 sed

170 2413 320 2442 deamavi
338 2413 416 2442 coni.
433 2412 557 2442 Mzillcr
