1773 2651
144 158 221 194 ΙΙΙ.
242 156 350 192 xxiv
602 157 657 193 M.
690 158 858 194 TVLLI
891 157 1198 196 CICERONIS

237 282 325 317 spes
355 270 469 306 esse?
525 270 584 306 Ac
615 268 796 307 videntur
826 268 906 307 iure
936 283 1174 313 suscensere,
1201 282 1291 306 cum
1322 276 1359 306 et
1389 275 1567 318 expertes

237 332 375 370 consili
397 333 537 371 fuerint
559 333 593 371 ei
619 334 685 383 qui
714 348 871 372 causam
894 342 1066 373 nostram
1096 342 1360 384 susceperant,
1384 341 1421 371 et
1442 340 1568 371 vestra

237 398 493 436 concessione
514 412 674 436 omnem
696 398 774 436 vim
796 399 855 437 sui
877 399 968 437 iuris
995 399 1208 445 amiserint,
1230 398 1455 448 praesertim
1477 411 1567 435 curn

237 461 289 500 ita
310 462 453 509 dicant,
477 476 518 501 se
539 470 672 501 nostra
697 476 815 501 causa
835 463 1004 502 voluisse
1025 477 1134 501 suam
1156 471 1392 513 potestatem
1413 476 1498 501 esse
1519 464 1569 500 de

237 527 466 566 consulibus
506 527 692 566 ornandis
738 542 818 566 non
858 536 901 566 ut
938 542 1006 566 eos
1049 529 1285 579 impedirent
1323 529 1393 566 sed
1439 535 1480 565 ut
1518 528 1606 567 ad5

238 599 411 630 nostram
450 606 608 631 causam
647 592 930 643 adiungerent3
973 607 1078 631 nunc
1113 593 1143 631 si
1183 595 1363 632 consules
1398 606 1421 631 a
1454 592 1569 630 nobis

237 656 443 695 alieniores
482 671 566 696 esse
606 657 736 704 velint,
779 672 895 708 posse
934 657 974 696 id
1013 658 1133 697 libere
1164 660 1316 705 facere3
1356 657 1415 695 sin
1450 656 1570 695 velint

238 729 370 760 nostra
396 735 523 768 causa,
551 722 647 760 nihil
678 736 793 772 posse
821 736 861 761 se
891 722 1032 760 invitis.
1093 724 1196 760 Nam
1226 724 1335 772 quod
1360 721 1510 768 scribis,
1530 721 1571 758 ni

238 786 290 824 ita
311 786 422 825 vobis
443 787 664 837 placuisset,
684 787 770 825 illos
792 789 868 826 hoc
890 787 995 825 idem
1017 801 1085 837 per
1105 789 1295 837 populum
1313 788 1570 825 adsecuturos

237 850 365 897 fuisse,
409 851 538 889 invitis
577 851 742 890 tribunis
782 853 831 901 pl.
874 852 955 890 fieri
995 853 1103 889 nullo
1143 853 1264 890 modo
1303 851 1439 901 potuit.
1510 853 1571 889 Ita
1597 863 1631 884 10

237 929 371 954 vereor
405 930 454 955 ne
493 924 531 955 et
563 917 693 955 studia
726 916 973 955 tribunorum
1007 917 1252 955 amiserimus
1291 924 1343 961 et,
1377 916 1407 954 si
1442 917 1571 955 studia

239 989 437 1029 maneant,
476 982 649 1020 vinclum
689 982 785 1020 illud
824 982 1167 1032 adiungendorum
1208 983 1416 1020 consulum
1459 981 1571 1019 amis-

241 1060 327 1084 sum
358 1047 416 1085 sit.

197 1121 223 1149 2
296 1112 463 1151 Accedit
483 1112 590 1151 aliud
612 1127 691 1151 non
717 1126 879 1162 parvum
902 1112 1202 1151 incommodum
1230 1113 1338 1162 quod
1362 1111 1487 1162 gravis
1508 1111 1572 1149 illa

241 1177 390 1227 opinio,
420 1186 461 1215 ut
490 1178 652 1227 quidem
683 1179 733 1216 ad
764 1191 836 1216 nos
866 1179 1144 1227 perferebatur,
1171 1186 1352 1216 senatum
1382 1177 1477 1215 nihil
1508 1178 1572 1215 de·
1597 1188 1630 1219 15

240 1255 397 1280 cernere
423 1250 514 1281 ante
544 1256 663 1292 quam
691 1244 741 1280 de
768 1242 883 1280 nobis
910 1250 1042 1280 actum
1070 1250 1182 1289 esset,
1205 1242 1349 1280 amissa
1375 1250 1446 1283 est,
1467 1255 1572 1292 prae-

240 1307 372 1345 sertim
397 1307 436 1345 in
461 1321 507 1346 ea
533 1321 651 1346 causa
675 1321 776 1357 quae
801 1321 881 1346 non
910 1308 1031 1346 modo
1062 1307 1279 1346 necessaria
1301 1321 1380 1346 non
1411 1306 1481 1344 fuit
1502 1308 1571 1345 sed

239 1372 356 1410 etiam
397 1372 581 1410 inusitata
618 1386 664 1410 ac
704 1385 806 1410 nova
846 1372 992 1421 (neque
1031 1372 1137 1410 enim
1180 1385 1369 1421 umquam
1409 1371 1573 1409 arbitror

240 1445 395 1475 ornatas
423 1450 507 1475 esse
538 1436 757 1487 provincias
787 1436 1111 1487 designatorum),
1139 1444 1191 1483 ut,
1218 1450 1308 1475 curn
1339 1436 1378 1474 in
1409 1437 1484 1474 hoc
1509 1436 1573 1474 illa

240 1503 461 1541 constantia
500 1516 601 1551 quae
640 1510 720 1540 erat
761 1515 848 1539 mea
886 1515 1004 1540 causa
1043 1509 1226 1551 suscepta
1264 1501 1472 1539 imminuta
1511 1500 1570 1547 sit,
1592 1515 1631 1537 20

240 1567 337 1605 nihil
371 1567 447 1605 iam
487 1567 609 1617 possit
644 1580 724 1605 non
764 1567 933 1605 decerni.
995 1567 1047 1604 Iis
1081 1568 1131 1605 ad
1171 1580 1270 1616 quos
1309 1568 1472 1604 relatum
1515 1574 1573 1604 est

239 1632 376 1670 amicis
397 1632 590 1682 placuisse
611 1645 691 1669 non
714 1631 854 1669 mirum
883 1640 940 1670 est
959 1646 965 1676 ;
995 1639 1075 1669 erat
1096 1631 1201 1669 enim
1229 1631 1386 1669 difficile
1407 1631 1573 1680 reperire

240 1699 307 1748 qui
342 1706 477 1736 contra
512 1705 620 1735 tanta
649 1698 863 1735 commoda
892 1698 1060 1735 duorum
1091 1698 1299 1734 consulum
1329 1697 1458 1745 palam
1490 1710 1573 1734 sen-

240 1764 402 1802 tentiam
442 1763 599 1801 diceret.
661 1762 750 1800 Fuit
789 1761 953 1800 omnino
992 1761 1150 1800 difficile
1189 1775 1268 1799 non
1307 1761 1473 1810 obsequi
1512 1762 1572 1799 vel

239 1827 479 1866 amicissimo
518 1826 669 1866 homini
711 1828 881 1865 Lentulo
919 1827 979 1864 vel
1021 1827 1186 1864 Metello
1225 1825 1292 1875 qui
1331 1825 1570 1864 simultatem
1595 1843 1632 1875 ²5

241 1893 524 1931 humanissime
554 1894 794 1942 deponeret3
829 1893 899 1929 sed
929 1905 1064 1929 vereor
1094 1905 1143 1929 ne
1174 1892 1246 1928 hos
1277 1899 1408 1929 tamen
1440 1900 1572 1929 tenere

242 1957 498 2008 potuerimus,
528 1957 706 1995 tribunos
736 1958 786 2006 pl.
818 1956 1074 1994 amiserimus.
1136 1957 1249 1993 Haec
1284 1969 1342 1993 res
1374 1968 1492 2004 quem
1522 1957 1572 1993 ad

243 2024 406 2060 modum
439 2022 624 2060 ceciderit
656 2029 693 2060 et
733 2029 815 2059 tota
852 2035 910 2059 res
950 2034 1030 2070 quo
1070 2022 1158 2059 loco
1197 2020 1244 2058 sit
1279 2020 1395 2058 velim
1427 2022 1477 2058 ad
1511 2034 1573 2059 me

243 2088 388 2125 scribas
428 2095 465 2125 et
504 2087 557 2124 ita
595 2094 636 2124 ut
676 2085 886 2123 instituisti.
949 2087 1052 2122 Nam
1093 2085 1165 2122 ista
1198 2084 1348 2131 veritas,
1385 2084 1501 2122 etiam
1542 2085 1571 2121 si

241 2153 414 2191 iucunda
453 2166 533 2190 non
573 2160 644 2199 est,
667 2151 761 2188 mihi
801 2159 933 2189 tamen
971 2158 1078 2200 grata
1116 2158 1184 2188 est.
1266 2151 1367 2187 Data
1407 2162 1468 2186 1111
1511 2150 1569 2187 Id.
1594 2167 1633 2198 30

244 2219 452 2256 Decembr.

285 2331 303 2350 2
329 2321 359 2351 ei
378 2320 496 2350 Orelli:
516 2324 549 2350 et
559 2319 646 2350 codd.
709 2323 823 2349 vestra
837 2317 1022 2349 Corradus:
1048 2322 1163 2348 nostra
1176 2315 1217 2346 M
1220 2316 1300 2355 fort.
1320 2320 1396 2346 recte
1478 2327 1494 2355 7
1520 2317 1571 2346 sin

243 2367 348 2396 velint
362 2366 514 2396 Ernesti:
538 2364 592 2395 sin
604 2364 732 2395 vellent
747 2363 787 2392 M
858 2363 892 2392 *8
916 2373 953 2392 se
968 2361 1024 2393 M:
1051 2363 1101 2392 eis
1113 2362 1134 2391 I
1220 2372 1262 2392 20
1278 2371 1365 2400 quae
1378 2359 1572 2391 MMz·1·ller:

243 2421 307 2448 qua
325 2410 412 2449 vulg.
515 2410 557 2437 26
580 2407 705 2447 tamen]
726 2417 800 2436 cum
818 2406 856 2436 I:
882 2416 956 2436 cum
975 2410 1085 2435 tamen
1104 2405 1254 2435 Ernesti:
1278 2404 1335 2436 del.
1355 2403 1490 2434 Starleer
