1773 2651
136 176 184 212 V.
209 175 317 212 xviii
633 173 688 210 M.
721 172 890 209 TVLLI
923 170 1231 210 CICERONIS

304 281 465 316 XVIII
509 284 578 315 Ser.
597 285 630 314 ιἰι
648 285 760 314 castris
777 283 825 313 ad
840 283 867 313 C
868 282 984 317 vbislra
1000 283 1037 312 xi
1051 281 1093 313 K.
1111 282 1178 313 Oct.
1198 292 1228 312 a.
1248 290 1304 320 705
1322 281 1334 320 <
1343 281 1404 319 51).

684 359 860 390 CICERO
887 358 1059 389 ATTICO
1085 358 1184 389 SAL.

223 456 238 481 1
317 441 447 488 Quam
473 440 613 477 vellem
641 439 794 475 Romae
823 449 938 482 esses,
963 435 994 473 si
1022 437 1120 474 forte
1145 448 1226 473 non
1250 437 1316 473 es!
1357 433 1466 472 Nihil
1490 433 1597 472 enim

261 506 355 543 certi
386 504 631 542 habebamus
661 501 734 539 nisi
764 500 965 551 accepisse
995 514 1067 538 nos
1098 508 1184 538 tuas
1213 499 1360 538 litteras
1383 513 1415 537 a.
1440 499 1477 537 d.
1501 511 1596 536 xl111

263 571 350 607 Kal.
381 568 511 607 Sextil.
542 569 667 614 datas,
688 567 728 604 in
760 566 905 616 quibus
939 565 1128 615 scriptum
1160 572 1262 603 esset
1294 572 1332 603 te
1361 563 1401 602 in
1433 563 1596 614 Epirum
1618 576 1636 608 5

261 634 405 672 iturum
440 633 592 671 circiter
625 633 713 670 Kal.
749 631 879 670 Sextil.
942 632 1021 669 Sed
1060 630 1140 669 sive
1173 632 1328 669 Romae
1362 643 1404 667 es
1443 628 1523 667 sive
1557 628 1598 666 in

262 700 393 750 Epiro,
428 698 559 736 Parthi
591 699 821 748 Euphraten
852 695 1087 734 transierunt
1119 697 1221 734 duce
1256 697 1417 741 Pacoro,
1453 693 1598 733 Orodis

261 765 359 815 regis
401 766 633 802 Parthorum
673 763 765 810 filio,
802 776 884 800 cum
923 761 1076 800 cunctis
1115 763 1193 800 fere
1232 761 1366 811 copiis.
1432 760 1598 798 Bibulus

261 831 441 868 nondum
485 829 720 867 audiebatur
763 841 847 866 esse
896 827 935 865 in
979 827 1112 876 Syria3
1160 826 1320 866 Cassius
1364 826 1404 863 in
1447 825 1598 875 oppido

261 895 476 933 Antiochia
510 902 567 932 est
602 907 693 932 cum
728 892 837 932 omni
872 892 1055 939 exercitu,
1087 905 1160 930 nos
1192 891 1231 929 in
1262 890 1518 941 Cappadocia
1546 890 1597 928 ad
1622 902 1659 924 10

260 962 437 999 Taurum
467 973 558 998 cum
588 959 759 998 exercitu
789 960 839 996 ad
871 958 1080 1008 Cybistra;
1128 956 1251 995 hostis
1281 956 1321 994 in
1351 955 1599 1006 Cyrrhestica

261 1040 361 1076 quae
397 1025 528 1075 Syriae
562 1038 650 1075 pars
682 1024 859 1074 proxima
898 1031 955 1062 est
989 1022 1214 1073 provinciae
1249 1035 1369 1060 meae.
1440 1020 1517 1058 His
1549 1021 1599 1058 de

260 1092 376 1130 rebus
404 1090 539 1141 scripsi
561 1091 611 1128 ad
633 1097 824 1135 senatum,
848 1102 946 1138 quas
967 1088 1123 1133 litteras,
1147 1087 1178 1125 si
1201 1088 1355 1125 Romae
1375 1099 1426 1132 es,
1446 1085 1599 1124 videbis

261 1164 427 1207 putesne
464 1156 687 1194 reddendas
720 1162 757 1193 et
790 1156 924 1201 multa,
958 1153 1082 1192 immo
1116 1151 1459 1202 omnia‚‘quorum
1490 1151 1599 1200 κεφά-

261 1225 367 1260 λαιον
386 1235 436 1260 ne
461 1220 557 1271 quid
586 1221 686 1258 inter
710 1233 823 1258 caesa
851 1226 889 1258 et
917 1225 1105 1269 porrecta,
1134 1225 1175 1255 ut
1200 1216 1320 1263 aiunt,
1345 1215 1474 1255 oneris
1503 1215 1599 1254 mihi
1621 1230 1658 1263 15

261 1289 429 1326 addatur
449 1294 516 1325 aut
533 1285 730 1336 temporis.
782 1284 910 1323 Nobis
931 1284 1037 1322 enirn
1059 1285 1133 1321 hac
1150 1281 1374 1320 infirmitate
1395 1281 1596 1328 exercitus,

262 1353 396 1403 inopia
416 1352 625 1398 sociorum,
644 1350 871 1401 praesertim
892 1348 1080 1395 fidelium,
1097 1347 1358 1386 certissimum
1379 1346 1600 1385 subsidium

263 1426 320 1457 est
345 1418 481 1455 hiems.
544 1419 602 1455 Ea
628 1416 659 1454 si
680 1415 829 1454 venerit
854 1428 927 1453 nec
956 1413 1009 1452 illi
1033 1421 1124 1451 ante
1146 1412 1185 1450 in
1207 1426 1335 1451 meam
1357 1411 1599 1462 provinciam

263 1482 495 1528 transierint,
520 1495 643 1520 unum
668 1495 802 1519 vereor
831 1494 880 1519 ne
911 1487 1070 1518 senatus
1097 1486 1255 1528 propter
1282 1478 1519 1516 urbanarum
1548 1491 1601 1515 re-

264 1562 348 1586 rum
372 1556 521 1586 metum
545 1546 778 1596 Pompeium
808 1545 906 1584 nolit
934 1544 1142 1584 dimittere.
1203 1544 1325 1592 Quod
1350 1543 1381 1581 si
1408 1543 1528 1581 alium
1549 1544 1599 1581 ad
1622 1557 1661 1579 20

263 1627 328 1651 ver
359 1612 486 1658 mittit,
514 1626 594 1650 non
625 1613 771 1657 laboro,
800 1611 915 1649 nobis
946 1611 1067 1648 modo
1097 1607 1285 1659 temporis
1314 1622 1364 1646 ne
1391 1608 1486 1658 quid
1517 1621 1601 1658 pro-

220 1690 244 1717 2
264 1685 429 1727 rogetur.
491 1679 605 1715 Haec
636 1676 759 1726 igitur,
788 1675 817 1713 si
846 1689 887 1714 es
916 1677 1094 1721 Romae3
1125 1673 1183 1711 sin
1208 1674 1302 1712 abes
1329 1680 1397 1710 aut
1423 1672 1541 1711 etiam
1569 1672 1600 1710 si

263 1745 369 1789 ades,
392 1744 489 1780 haec
517 1741 674 1791 negotia
703 1740 758 1778 sic
788 1754 829 1778 se
859 1741 1017 1778 habent.
1078 1740 1235 1777 Stamus
1265 1737 1405 1776 animis
1436 1744 1485 1783 et,
1508 1736 1601 1786 quia

263 1807 447 1853 consiliis,
472 1815 513 1845 ut
538 1806 728 1853 videmur,
756 1806 871 1845 bonis
901 1805 1057 1852 utimur,
1088 1818 1288 1855 speramus
1319 1803 1436 1842 etiam
1468 1816 1598 1840 manu.

264 1875 371 1911 Tuto
398 1872 651 1911 consedimus
683 1871 845 1922 copioso
872 1885 895 1909 a
922 1872 1130 1917 frumenta
1155 1868 1335 1909 Ciliciam
1362 1881 1484 1918 prope
1511 1881 1602 1906 con·
1623 1881 1661 1913 25

265 1937 466 1988 spiciente,
490 1937 675 1986 expedito
702 1938 752 1975 ad
785 1937 1020 1974 mutandum
1049 1936 1148 1981 loco,
1179 1947 1299 1984 parvo
1326 1932 1496 1971 exercitu
1518 1934 1598 1979 sed,

264 2010 307 2040 ut
334 2016 459 2052 spero,
482 2003 533 2040 ad
561 2000 879 2040 benevolentiam
908 2014 997 2050 erga
1027 2013 1099 2038 nos
1126 1997 1408 2037 consentiente.
1470 1999 1601 2046 Quem

265 2081 337 2106 nos
365 2066 540 2105 Deiotari
567 2067 741 2105 adventu
769 2079 860 2104 cum
891 2064 971 2103 suis
998 2063 1185 2102 omnibus
1215 2062 1339 2113 copiis
1366 2062 1603 2113 duplicaturi

265 2146 430 2171 eramus.
490 2131 615 2170 Sociis
647 2132 773 2169 multo
803 2129 1046 2168 fidelioribus
1075 2128 1220 2166 utimur
1247 2141 1366 2178 quam
1391 2127 1601 2177 quisquam

265 2211 359 2235 usus
384 2204 466 2244 est:
496 2196 641 2246 quibus
668 2194 909 2234 incredibilis
934 2194 1087 2232 videtur
1114 2200 1246 2231 nostra
1272 2200 1310 2230 et
1337 2193 1602 2231 mansuetudo
1622 2207 1664 2238 30

265 2270 303 2301 et
341 2261 591 2300 abstinentia.
666 2260 844 2298 Dilectus
892 2259 1060 2297 habetur
1106 2257 1251 2296 civium
1300 2258 1602 2304 Romanorum3

309 2378 329 2405 4
354 2366 527 2405 accepisse
550 2364 628 2403 nos]
656 2363 906 2402 accepissemus
927 2361 1052 2391 Scln'itz
1185 2361 1206 2391 8
1230 2370 1303 2390 curn
1327 2359 1401 2389 add.
1423 2359 1543 2395 Baiter,
1564 2359 1600 2398 cf.

266 2410 362 2440 Fam.
380 2420 432 2439 xv.
449 2419 474 2438 1.
498 2419 509 2437 1
582 2408 650 2438 sere
664 2401 735 2438 CZb
751 2419 756 2436 ;
777 2406 903 2436 referto
916 2404 1017 2435 ΔΗΟ
1027 2404 1134 2442 elfere
1148 2404 1255 2433 simile
1267 2402 1335 2433 ΡΝ
1423 2413 1462 2432 10
1480 2402 1600 2432 Antio-

265 2453 339 2483 chia
366 2457 418 2482 est
445 2452 613 2482 Ileraeus:
645 2449 828 2481 Anthiocie
855 2448 914 2478 M:
947 2447 1128 2478 Antiochia
1149 2447 1357 2486 Ilf'esenberg:
1393 2445 1599 2476 Antiochiae

264 2498 350 2536 vulg.
443 2505 485 2534 30
507 2499 559 2525 est
571 2494 738 2526 Faernus:
765 2496 855 2523 esset
871 2491 912 2521 M
978 2496 1095 2522 nostra
1114 2496 1147 2521 et
1159 2490 1302 2528 Kayser:
1329 2494 1363 2520 et
1379 2495 1494 2520 nostra
1511 2488 1598 2520 codd.
