1773 2651
135 157 204 195 IV.
223 157 331 193 xviii
625 157 679 194 M.
712 157 880 194 TVLLI
914 157 1220 195 CICERONIS

254 274 292 306 et
314 281 434 317 prope
461 269 599 306 adesse
627 267 703 305 iam
725 269 857 306 debes.
920 269 1013 305 Non
1035 282 1098 306 me
1122 270 1279 307 hercule
1299 283 1427 319 aequo
1454 270 1588 308 animo

254 340 292 371 te
313 347 426 371 careo
445 348 451 375 ;
481 341 517 372 te
542 341 673 371 autem
696 333 793 383 quid
816 333 969 381 mirum,
993 334 1060 383 qui
1084 334 1318 383 Dionysium
1340 342 1449 372 tanto
1470 349 1587 384 opere

253 399 504 437 desiderem?
545 400 675 447 Quem
693 398 854 448 quidem
876 399 947 436 abs
969 406 1005 436 te
1027 412 1115 436 cum
1138 399 1222 437 dies
1239 399 1386 438 venerit
1402 407 1439 438 et
1456 413 1528 450 ego
1549 407 1587 438 et

253 462 394 501 Cicero
422 477 532 501 meus
562 462 761 512 flagitabit.
821 463 906 500 Abs
934 470 971 500 te
995 463 1190 513 proximas
1218 463 1362 502 litteras
1389 464 1586 503 habebam

254 528 414 578 Epheso
438 541 469 566 a.
494 529 530 566 d.
556 539 579 564 v
603 529 699 566 Idus
725 528 854 566 Sextil.
879 529 1000 567 datas.
1607 541 1625 572 5

295 640 407 675 XIX
429 639 610 685 [XVII]
661 643 731 675 Ser.
752 643 881 674 Romae
896 655 942 675 es.
965 655 1009 675 m.
1030 644 1110 676 Nov.
1133 655 1161 676 a.
1185 655 1243 684 700
1260 645 1351 685 (54).

667 720 837 751 CICERO
861 721 1043 752 ATTICO
1065 720 1170 753 SAL.

216 804 233 831 Ι
306 799 342 836 Ο
374 806 617 849 exspectatas
653 798 748 836 mihi
781 807 866 837 tuas
901 799 1069 838 litteras!
1109 814 1133 838 o
1164 807 1315 850 gratum
1346 801 1586 839 adventum!

252 876 276 900 o
307 864 569 901 constantiam
601 863 782 913 promissi
816 872 854 902 et
886 865 1006 902 fidem
1039 864 1200 902 miram!
1241 878 1265 902 o
1296 865 1585 914 navigationem

250 930 462 966 amandam
480 931 486 966 1
521 942 640 978 quam
663 942 726 967 me
747 930 905 967 hercule
926 942 998 979 ego
1018 930 1132 967 valde
1160 929 1349 967 timebam
1376 930 1586 967 recordans
1608 942 1645 964 10

251 994 458 1043 superioris
484 1002 573 1032 tuae
594 994 900 1032 transmissionis
922 995 1065 1044 δέρρεις.
1126 996 1204 1032 Sed
1229 994 1303 1032 nisi
1327 996 1447 1040 fallor,
1472 993 1585 1031 citius

250 1066 288 1097 te
330 1073 448 1109 quam
492 1059 629 1097 scribis
670 1060 825 1098 videbo.
898 1061 1030 1100 Credo
1073 1060 1179 1098 enim
1220 1068 1258 1098 te
1301 1068 1458 1110 putasse
1499 1067 1585 1097 tuas

250 1124 430 1162 mulieres
464 1124 504 1162 in
537 1125 682 1175 Apulia
715 1139 810 1163 esse.
877 1127 998 1174 Quod
1032 1139 1122 1163 cum
1158 1138 1270 1163 secus
1304 1124 1385 1170 erit,
1418 1124 1514 1174 quid
1547 1131 1584 1161 te

249 1189 393 1239 Apulia
428 1192 629 1228 moretur?
677 1191 785 1227 Num
813 1190 996 1228 Vestorio
1035 1189 1156 1228 dandi
1196 1197 1286 1227 sunt
1325 1189 1409 1227 dies
1448 1196 1485 1226 et
1520 1188 1584 1226 ille

250 1255 413 1292 Latinus
438 1257 654 1305 ἀττικισμὸς
677 1269 723 1293 ex
748 1255 951 1294 intervallo
978 1256 1266 1305 regustandus?
1314 1254 1422 1303 Quin
1444 1262 1484 1292 tu
1506 1256 1583 1292 huc
1607 1265 1643 1296 15

248 1321 408 1359 advolas
452 1329 490 1359 et
529 1321 661 1359 invisis
701 1321 802 1359 illius
847 1330 1002 1359 nostrae
1046 1321 1099 1359 rei
1139 1309 1321 1370 publicae
1359 1321 1583 1359 †Germane

248 1387 381 1436 putavi
406 1388 456 1425 de
486 1387 684 1426 nummisl·
713 1395 804 1425 ante
834 1387 994 1425 comitia
1021 1386 1195 1424 tributim
1224 1399 1304 1424 uno
1331 1387 1420 1424 loco
1448 1384 1582 1423 divisis

25 1447 162 1499 (XVIII.
188 1449 228 1500 3)
248 1453 388 1500 palam,
413 1451 505 1490 inde
525 1452 751 1490 absolutum
770 1452 985 1490 Gabinium
1007 1451 1241 1490 dictaturam
1263 1452 1412 1490 †fruere
1432 1449 1582 1488 iustitio

203 1525 283 1555 2et
319 1517 496 1555 omnium
536 1531 664 1555 rerum
703 1518 895 1557 licentia†.
956 1517 1138 1566 Perspice
1177 1516 1415 1566 aequitatem
1458 1515 1580 1553 animi

246 1581 322 1620 mei
353 1590 390 1620 et
418 1584 580 1623 †ludum
611 1590 649 1620 et
677 1582 1016 1632 contemptionem
1047 1581 1301 1619 Seleucianae
1330 1580 1579 1630 provinciae†
1603 1590 1640 1612 20

246 1655 283 1685 et
316 1661 378 1686 me
413 1649 571 1686 hercule
610 1661 700 1686 cum
742 1649 910 1687 Caesare
946 1647 1215 1685 suavissimam
1256 1646 1578 1684 coniunctionem

245 1712 359 1763 (haec
399 1714 503 1751 enim
544 1727 606 1751 me
646 1727 724 1751 una
760 1727 807 1752 ex
845 1715 922 1751 hoc
961 1712 1162 1762 naufragio
1201 1712 1334 1749 tabula
1368 1712 1579 1761 delectat);

244 1779 311 1828 qui
339 1779 499 1828 quidem
529 1779 723 1828 Quintum
760 1792 892 1816 meum
924 1786 1127 1827 tuumque,
1154 1776 1195 1815 di
1225 1776 1343 1814 boni!
1379 1789 1496 1825 quem
1527 1777 1578 1814 ad

244 1845 408 1882 modum
443 1851 579 1882 tractat
613 1846 776 1890 honore,
803 1843 1002 1893 dignitate,
1035 1842 1178 1893 gratia!
1218 1855 1297 1880 non
1328 1855 1440 1880 secus
1470 1855 1516 1880 ac
1546 1841 1577 1880 si

292 1958 326 1977 11
354 1946 483 1987 δέρρεις]
510 1952 655 1977 terrores
681 1948 758 1977 coni.
789 1946 874 1976 Reid
1008 1957 1044 1984 14
1073 1946 1159 1976 Num
1178 1945 1356 1986 Phogms:
1395 1956 1471 1975 nam
1498 1944 1575 1975 M-'x

244 2001 310 2022 om.
330 1990 383 2020 illl
502 1992 605 2021 16-18
631 1996 768 2021 nostrae
788 2015 793 2020 .
813 2016 818 2021 .
840 2015 846 2021 .
870 1990 1051 2021 Gabinium
1071 1989 1353 2028 lrcmsponcndmn
1372 1988 1418 2018 ad
1435 1990 1482 2020 18.
1508 2000 1519 2018 1
1542 1993 1579 2019 ut

243 2034 368 2064 habeas
382 2034 416 2073 (l.
433 2034 488 2072 25⁸>
504 2038 666 2074 sequatur,
687 2038 715 2064 et
731 2045 847 2064 verum
866 2035 911 2063 ibi
924 2033 1097 2074 legendum
1115 2039 1178 2073 pro
1196 2043 1306 2062 rerum
1319 2036 1416 2073 putat
1435 2032 1575 2062 Gurlitt:

242 2082 315 2108 tum
333 2077 381 2108 ln'c
398 2078 485 2108 illius
498 2082 576 2108 essct
594 2078 734 2117 Pompei
826 2077 1013 2117 Germane]
1027 2087 1207 2115 germanae
1220 2087 1262 2106 ne
1277 2077 1424 2106 umbram
1439 2077 1576 2115 quidem

243 2122 309 2152 coll.
336 2122 391 2152 vii.
422 2132 468 2152 11.
499 2132 526 2154 1.
552 2122 601 2152 vel
621 2132 803 2160 germanae
833 2122 1013 2159 imaginem
1040 2121 1105 2151 coll.
1130 2120 1211 2160 Rep.
1238 2120 1270 2150 ii.
1292 2130 1344 2159 52,
1369 2118 1574 2159 Il‘esenlmg:

243 2175 420 2203 germanas
431 2175 546 2204 gerras
559 2167 638 2196 coni.
652 2165 739 2195 Reid
799 2175 847 2203 17,
867 2165 904 2194 18
921 2164 989 2203 peti
1002 2164 1078 2193 vide
1093 2188 1099 2194 .
1119 2187 1125 2193 .
1145 2187 1152 2194 .
1169 2163 1374 2202 palam‚vide
1386 2162 1575 2193 absolutum

243 2207 337 2240 Man.
356 2220 361 2239 :
382 2209 548 2248 disputavi
571 2233 576 2239 .
595 2233 602 2240 .
625 2234 630 2239 .
651 2208 769 2248 palam,
792 2208 871 2238 inde
889 2207 1078 2237 absolutum
1098 2206 1237 2247 Madvig
1350 2207 1388 2236 18
1414 2207 1573 2236 dictatum

245 2253 347 2282 fluere
365 2247 408 2280 Zl»
424 2264 430 2282 ;
457 2253 656 2282 dictaturam
674 2253 804 2282 fervere
823 2250 1032 2281 Mommsen:
1070 2260 1174 2289 remp.
1194 2250 1226 2280 in
1253 2250 1451 2280 dictaturam
1476 2260 1574 2280 ruere

244 2295 386 2335 Aladm'g
540 2306 582 2326 20
607 2296 718 2325 ludum
738 2294 788 2333 et]
807 2294 906 2324 lauda
931 2304 1037 2323 meam
1057 2295 1133 2324 coni.
1154 2294 1238 2323 Boot
1386 2293 1574 2323 Selicianae

244 2340 365 2369 unciae
385 2339 431 2369 C:
460 2339 648 2369 Felicianae
675 2339 793 2369 unciae
818 2338 941 2377 [wiell
967 2337 1031 2367 coll.
1059 2337 1097 2375 Q.
1117 2337 1170 2367 Fr.
1197 2337 1241 2367 iii.
1262 2337 1290 2366 8.
1311 2347 1331 2374 9
1349 2347 1354 2366 :
1380 2337 1492 2366 ludum
1510 2360 1517 2367 .
1539 2360 1545 2366 .
1566 2359 1573 2366 .

244 2383 436 2420 provinciae
452 2381 733 2421 transponendum
756 2385 831 2420 post
855 2381 1035 2410 Gabinium
1054 2384 1152 2410 censet
1168 2379 1252 2409 Reid
1269 2380 1328 2418 qni
1344 2379 1573 2409 Seleucianam

237 2426 442 2464 provinciam
461 2425 610 2465 intellegit
635 2435 699 2454 esse
719 2424 854 2463 Syriam
879 2434 961 2463 qlme
974 2424 1090 2462 sucral
1110 2429 1192 2463 pars
1218 2423 1310 2462 regni
1331 2422 1573 2453 Seleucidarum
