1773 2651
175 196 269 232 VII.
289 195 364 231 xiii
662 196 716 232 Μ.
750 195 917 232 TVLLI
950 193 1256 232 CICERONIS

289 305 396 343 aliud
435 304 541 351 nihil,
579 306 655 343 hoc
687 312 819 342 tamen
852 303 1028 353 profecit,
1061 303 1171 341 dedit
1205 302 1259 340 illi
1294 303 1482 341 dolorem.
1542 302 1621 341 Sed

291 370 409 408 etiam
442 372 493 409 ad
525 384 720 408 summam
754 370 972 419 profectum
1012 368 1161 418 aliquid
1200 375 1306 418 puto.
1367 370 1472 405 Amo
1504 368 1621 406 etiam

294 435 492 474 Pisonem.
551 436 674 475 Cuius
714 435 904 473 iudicium
943 435 994 472 de
1032 447 1176 484 genero
1211 433 1388 483 suspicor
1418 433 1544 471 visum
1580 433 1623 471 iri

293 514 417 551 grave.
479 502 732 550 Quamquam
763 513 886 549 genus
917 499 1010 537 belli
1040 500 1148 548 quod
1176 498 1224 536 sit
1244 498 1363 537 vides.
1425 500 1486 536 Ita
1513 498 1624 537 civile

295 574 353 605 est
374 574 416 604 ut
437 580 517 605 non
539 580 585 604 ex
609 566 752 604 civium
781 564 1026 604 dissensione
1048 566 1117 602 sed
1145 578 1191 602 ex
1215 564 1330 602 unius
1360 564 1500 614 perditi
1531 564 1625 602 civis
1647 576 1663 608 5

296 631 461 669 audacia
491 640 626 669 natum
658 631 715 669 sit.
778 632 816 668 Is
846 638 977 668 autern
1008 630 1109 667 valet
1139 629 1324 677 exercitu,
1345 637 1451 667 tenet
1481 631 1626 667 multos

298 710 366 746 spe
396 705 433 734 et
460 697 674 746 promissis,
696 695 829 735 omnia
853 695 1032 733 omnium
1057 694 1292 744 concupivit.
1355 695 1463 733 Huic
1487 695 1628 733 tradita

298 763 389 801 urbs
411 770 467 800 est
495 763 602 800 nuda
629 762 834 812 praesidio,
859 762 996 799 referta
1023 761 1158 810 copiis.
1219 760 1328 809 Quid
1357 768 1415 799 est
1442 762 1551 810 quod
1578 761 1628 798 ab

298 841 345 866 eo
378 841 457 865 non
493 836 643 865 metuas
678 827 744 877 qui
776 827 839 864 illa
870 828 1017 876 templa
1048 834 1085 864 et
1118 834 1220 864 tecta
1253 840 1333 864 non
1364 826 1527 876 patriam
1559 827 1628 865 sed

298 894 483 942 praedam
516 894 656 942 putet?
714 891 822 940 Quid
856 899 987 929 autem
1023 891 1070 929 sit
1104 899 1260 929 acturus
1295 898 1361 929 aut
1395 904 1475 941 quo
1508 892 1629 930 modo
1654 905 1691 927 ιο

298 958 442 1003 nescio,
475 957 559 996 sine
589 965 737 1003 senatu,
771 957 854 995 sine
886 956 1183 1006 magistratibus.
1245 958 1307 994 Ne
1338 956 1519 995 simulare
1549 956 1630 1006 qui-

300 1025 390 1061 dem
413 1022 554 1073 poterit
576 1022 789 1072 quicquam
811 1026 1018 1062 πολιτικῶς.
1078 1023 1164 1059 Nos
1186 1029 1317 1059 autem
1340 1021 1407 1060 ubi
1428 1035 1631 1071 exsurgere

300 1088 514 1138 poterimus
544 1095 610 1126 aut
641 1089 831 1137 quando?
888 1089 1069 1136 Quorum
1099 1088 1179 1125 dux
1206 1100 1324 1136 quam
1353 1089 1633 1139 ἀστρατήγητος

300 1162 341 1191 tu
389 1166 550 1203 quoque
595 1152 873 1191 animadvertis
915 1152 1009 1202 quoi
1055 1166 1104 1190 ne
1146 1151 1290 1190 Picena
1332 1152 1494 1202 quidem
1540 1160 1634 1191 nota

301 1218 468 1263 fuerint3
497 1232 616 1267 quam
637 1226 769 1255 autem
797 1217 881 1256 sine
902 1217 1067 1256 consilio
1088 1231 1147 1255 res
1175 1217 1293 1255 testis.
1355 1219 1408 1255 Vt
1429 1217 1533 1255 enim
1559 1217 1634 1255 alia
1659 1230 1694 1262 15

302 1284 481 1322 omittam
503 1284 642 1321 decem
672 1297 866 1321 annorum
897 1291 1070 1332 peccata,
1092 1296 1192 1332 quae
1223 1283 1406 1321 condicio
1434 1297 1514 1321 non
1543 1282 1634 1320 huic

257 1358 281 1387 2
303 1351 416 1399 fugae
436 1348 657 1398 praestitit?
714 1349 800 1386 Nec
826 1361 918 1386 vero
948 1362 1052 1386 nunc
1081 1347 1176 1397 quid
1205 1348 1347 1397 cogitet
1379 1348 1460 1385 scio
1488 1362 1532 1385 ac
1554 1361 1634 1385 non

303 1414 442 1453 desino
477 1427 544 1463 per
572 1413 718 1451 litteras
750 1412 945 1451 sciscitari.
1006 1412 1116 1450 Nihil
1148 1426 1232 1451 esse
1263 1413 1438 1451 timidius
1469 1420 1636 1457 constat,

303 1479 399 1517 nihil
431 1478 704 1529 perturbatius.
766 1480 906 1528 Itaque
945 1492 1017 1516 nec
1049 1478 1287 1528 praesidium
1328 1479 1437 1517 cuius
1472 1477 1634 1529 parandi

304 1558 421 1584 causa
441 1545 492 1583 ad
522 1545 659 1582 urbem
687 1551 860 1582 retentus
888 1551 945 1582 est
973 1557 1046 1582 nec
1073 1546 1205 1582 locum
1232 1557 1278 1581 ac
1305 1545 1440 1582 sedem
1468 1543 1637 1594 praesidi
1660 1556 1698 1577 20

306 1612 424 1649 ullam
446 1609 572 1648 video.
619 1611 716 1659 Spes
737 1609 865 1647 omnis
887 1610 926 1647 in
947 1610 1101 1648 duabus
1124 1609 1311 1647 insidiose
1332 1609 1491 1648 retentis
1512 1622 1637 1658 paene

305 1675 441 1714 alienis
468 1674 699 1724 legionibus.
761 1677 865 1713 Nam
893 1675 1060 1714 dilectus
1085 1676 1215 1713 adhuc
1241 1674 1402 1724 quidem
1428 1673 1637 1712 invitorum

306 1748 363 1779 est
384 1747 422 1779 et
442 1754 465 1778 a
484 1740 700 1790 pugnando
720 1739 1016 1778 abhorrentium
1033 1755 1041 1786 3
1073 1739 1354 1777 condicionum
1375 1746 1506 1777 autem
1528 1737 1640 1776 amis-

307 1819 393 1844 sum
415 1813 570 1855 tempus
591 1812 659 1843 est.
721 1804 829 1853 Quid
851 1806 1023 1843 futurum
1042 1804 1089 1842 sit
1111 1819 1191 1843 non
1213 1805 1352 1851 vide03
1383 1804 1639 1842 commissum

308 1871 469 1921 quidem
490 1884 513 1908 a
533 1869 648 1909 nobis
675 1877 779 1908 certe
799 1878 857 1908 est
885 1870 965 1908 sive
985 1884 1007 1908 a
1028 1877 1162 1908 nostro
1186 1871 1287 1908 duce
1309 1877 1349 1907 ut
1371 1883 1391 1907 e
1412 1877 1526 1919 portu
1556 1869 1640 1906 sine
1663 1878 1701 1910 25

309 1935 583 1987 gubernaculis
604 1935 746 1985 egressi
768 1935 991 1985 tempestati
1013 1949 1085 1973 nos
1106 1936 1357 1973 traderemus.

267 2009 292 2045 3
366 2003 507 2050 Itaque
541 2001 591 2038 de
621 2000 880 2039 Ciceronibus
913 1999 1053 2037 nostris
1083 1999 1223 2037 dubito
1253 1999 1348 2048 quid
1374 2012 1512 2048 agam3
1550 2011 1641 2036 narn

313 2066 409 2104 mihi
430 2066 627 2104 interdurn
648 2064 889 2103 amandandi
914 2064 1096 2102 videntur
1116 2063 1155 2101 in
1184 2063 1388 2101 Graeciam
1406 2078 1414 2109 3
1443 2064 1493 2101 de
1514 2062 1644 2101 Tullia

312 2139 443 2170 autem
483 2138 520 2169 et
552 2130 746 2177 Terentia,
784 2143 874 2167 cum
915 2129 1009 2166 mihi
1048 2129 1302 2166 barbarorum
1344 2129 1537 2166 adventus
1577 2126 1644 2179 [ad

314 2195 468 2248 urbem]
500 2196 743 2246 proponitur,
776 2195 909 2233 onmia
941 2194 1085 2237 timeo;
1125 2208 1215 2232 cum
1247 2201 1380 2231 autern
1412 2193 1643 2231 Dolabellae
1665 2203 1705 2233 30

314 2262 419 2301 venit
452 2262 491 2300 in
526 2269 714 2307 mentem,
745 2262 905 2311 paulum
938 2259 1095 2309 respiro.
1156 2260 1233 2297 Sed
1267 2258 1383 2297 velim
1419 2258 1643 2296 consideres

357 2368 387 2400 6,
403 2375 420 2403 7
446 2364 568 2396 multos
586 2375 648 2403 spe
672 2375 700 2394 v.
718 2375 740 2394 c.
761 2363 850 2395 codd.
864 2363 962 2393 Bosz':
988 2361 1090 2393 multa
1107 2372 1167 2401 spe
1187 2366 1240 2392 ΣΔ
1334 2372 1366 2391 11
1393 2361 1644 2400 magistratibus

322 2407 524 2448 lVesenhetg:
551 2413 620 2441 -atu
635 2407 681 2440 M,
698 2408 734 2446 rs.
754 2417 800 2436 12.
817 2416 836 2445 5
928 2416 964 2445 15
990 2416 1044 2436 res
1056 2407 1152 2437 testis
1170 2406 1199 2440 Z
1214 2417 1220 2439 ς
1246 2415 1299 2439 res
1316 2410 1381 2440 stet
1394 2405 1433 2439 M
1448 2417 1454 2438 :
1480 2405 1616 2438 resistet
1629 2403 1649 2436 I

318 2463 371 2497 29,
389 2461 431 2495 30
456 2453 495 2487 ad
515 2453 631 2487 urbem
656 2462 720 2485 οιιι.
744 2450 794 2483 Ml
815 2463 821 2485 2
846 2450 921 2485 add.
942 2450 979 2483 M
995 2460 1102 2494 weng.
