1773 2651
107 195 225 231 VIII.
251 193 294 229 xi
316 205 339 231 C
630 193 686 229 M.
718 191 887 228 TVLLI
919 190 1226 229 CICERONIS

906 337 950 375 C.

595 442 665 473 Ser.
689 441 853 472 (mmsis
868 440 910 472 K.
932 439 1033 471 lllarl.
1054 451 1084 470 a.
1106 450 1160 479 705
1178 440 1263 479 (49).

375 526 445 557 CN.
477 526 670 557 MAGNVS
698 524 897 555 PROCOS.
925 524 958 554 S.
985 524 1026 553 D.
1054 523 1098 554 M.
1124 522 1348 554 CICERONI
1378 522 1469 553 IMP.

311 600 347 636 S.
390 600 435 636 V.
480 600 522 635 B.
566 600 608 635 Ε.
669 599 776 634 Tuas
814 597 960 634 litteras
999 596 1166 634 libenter
1204 595 1288 645 legi.
1362 593 1590 644 Recognovi

257 663 362 701 enim
399 671 505 700 tuam
540 662 743 712 pristinam
778 661 960 699 virtutem
995 661 1112 699 etiam
1146 661 1185 697 in
1220 662 1343 698 salute
1375 659 1588 697 communi.
1613 671 1630 703 5

258 729 452 767 Consules
473 729 523 765 ad
545 741 634 765 eum
657 727 868 765 exercitum
891 740 1009 776 quem
1031 726 1069 763 in
1091 725 1235 775 Apulia
1251 724 1371 763 habui
1389 732 1588 763 venerunt.

260 795 409 842 Magno
430 806 547 842 opere
569 800 606 830 te
628 794 761 831 hortor
782 806 852 842 pro
872 800 941 829 tuo
962 791 1144 841 singulari
1170 798 1439 841 perpetuoque
1460 789 1592 828 studio

256 858 295 895 in
326 872 406 896 rem
438 858 637 908 publicam
668 865 709 895 ut
739 865 777 895 te
806 858 857 895 ad
887 870 959 895 nos
989 857 1176 903 conferas,
1201 864 1242 893 ut
1272 855 1475 893 communi
1502 868 1592 893 con-

257 923 344 961 silio
379 923 431 961 rei
467 923 648 973 publicae
679 922 860 960 adflictae
895 936 1012 971 opem
1044 929 1162 971 atque
1191 920 1377 958 auxilium
1410 922 1589 959 feramus.

258 990 414 1028 Censeo
435 987 496 1025 via
516 989 647 1038 Appia
667 987 737 1026 iter
758 986 877 1025 facias
897 994 935 1025 et
956 986 1132 1025 celeriter
1154 985 1406 1024 Brundisium
1428 985 1570 1024 venias.
1615 996 1652 1019 10

902 1152 951 1189 D.

531 1256 600 1287 δυ’.
622 1256 656 1285 ιἰι
674 1255 855 1286 Formiano
872 1255 908 1284 1'1'1'
922 1255 965 1285 K.
985 1254 1085 1285 Mars.
1108 1266 1138 1285 (1.
1161 1264 1214 1293 7⁰5
1233 1254 1318 1294 (497.

419 1339 464 1371 M.
490 1338 665 1370 CICERO
694 1338 786 1368 ΙΜΡ.
813 1337 848 1368 S.
877 1337 915 1368 D.
943 1337 1014 1367 CN.
1043 1336 1212 1367 MAGNO
1240 1336 1437 1368 PROCOS.

225 1431 242 1457 1
316 1418 419 1456 Cum
448 1418 498 1454 ad
535 1424 571 1454 te
602 1416 747 1453 litteras
783 1415 975 1453 misissem
1006 1428 1107 1463 quae
1137 1414 1207 1452 tibi
1238 1414 1385 1453 Canusi
1419 1414 1594 1453 redditae

261 1490 362 1528 sunt,
395 1481 660 1531 suspicionem
696 1482 843 1518 nullam
879 1480 1075 1517 habebam
1111 1486 1148 1517 te
1178 1479 1231 1517 rei
1266 1479 1447 1529 publicae
1478 1493 1595 1517 causa
1618 1495 1656 1527 15

262 1560 367 1584 mare
393 1546 644 1584 transiturum
675 1559 860 1594 eramque
891 1545 929 1582 in
961 1558 1029 1594 spe
1060 1558 1201 1594 magna
1230 1545 1311 1582 fore
1342 1552 1382 1582 ut
1413 1544 1451 1582 in
1484 1544 1596 1582 Italia

261 1624 467 1661 possemus
497 1619 562 1648 aut
593 1610 845 1649 concordiam
877 1609 1124 1655 constituere,
1158 1622 1236 1658 qua
1266 1609 1360 1646 mibi
1396 1609 1492 1647 nihil
1527 1609 1597 1647 uti—

262 1676 335 1713 lius
371 1676 585 1722 videbatur,
620 1684 685 1713 aut
725 1689 805 1713 rem
845 1674 1044 1724 publicam
1085 1688 1239 1712 summa
1278 1688 1367 1712 cum
1407 1674 1597 1724 dignitate

262 1741 485 1779 defendere.
547 1740 708 1778 Interim
738 1741 916 1778 nondum
948 1739 1045 1778 meis
1073 1739 1207 1777 litteris
1234 1741 1284 1777 ad
1312 1747 1349 1777 te
1370 1740 1526 1789 perlatis
1551 1753 1597 1777 ex

263 1805 308 1843 iis
341 1805 535 1843 mandatis
574 1819 674 1855 quae
710 1807 756 1842 D.
791 1804 925 1843 Laelio
957 1806 1008 1842 ad
1041 1806 1222 1842 consules
1258 1806 1423 1842 dederas
1458 1804 1598 1843 certior
1620 1818 1657 1840 20

263 1870 317 1908 tui
351 1871 487 1909 consili
521 1872 645 1909 factus
685 1885 764 1909 non
804 1870 1025 1920 exspectavi
1060 1872 1155 1908 dum
1192 1870 1286 1907 mibi
1320 1884 1343 1907 a
1376 1877 1414 1908 te
1448 1870 1597 1908 litterae

263 1937 528 1983 redderentur,
552 1936 839 1986 confestimque
861 1951 951 1975 cum
980 1936 1132 1985 Quinto
1159 1937 1272 1974 fratre
1293 1943 1331 1973 et
1351 1949 1441 1973 cum
1467 1935 1597 1973 liberis

221 2014 245 2041 2
265 2001 406 2039 nostris
434 2001 504 2039 iter
530 2003 579 2040 ad
608 2009 645 2039 te
676 2001 714 2038 in
742 2001 927 2051 Apuliam
956 2003 1081 2039 facere
1109 2000 1232 2050 coepi.
1293 2002 1395 2039 Cum
1416 2002 1597 2038 Teanum

265 2066 483 2105 Sidicinum
511 2067 716 2111 venissem,
749 2068 792 2105 C.
819 2066 989 2104 Messius
1022 2066 1219 2104 familiaris
1254 2073 1342 2103 tuus
1375 2065 1469 2102 mihi
1500 2064 1597 2102 dixit

263 2131 407 2181 aliique
450 2134 671 2182 complures
711 2134 919 2171 Caesarem
960 2132 1031 2170 iter
1069 2132 1213 2169 habere
1252 2132 1430 2180 Capuam
1472 2138 1510 2168 et
1549 2144 1596 2168 eo
1619 2143 1656 2174 25

265 2197 351 2246 ipso
379 2196 443 2235 die
470 2211 697 2235 mansurum
730 2211 814 2235 esse
844 2197 1064 2235 Aeserniae.
1125 2198 1226 2234 Sane
1257 2209 1342 2233 sum
1373 2202 1596 2233 commotus

266 2263 385 2311 quod,
419 2261 448 2298 si
480 2262 532 2299 ita
561 2269 672 2309 esset,
707 2275 786 2299 non
820 2263 940 2299 modo
976 2261 1046 2299 iter
1079 2274 1210 2298 meum
1243 2260 1497 2298 interclusum
1527 2260 1597 2297 sed

267 2341 328 2365 me
364 2327 491 2376 ipsum
525 2328 640 2376 plane
673 2334 879 2376 exceptum
915 2326 1114 2376 putabam.
1187 2327 1326 2374 Itaque
1366 2333 1448 2362 tum
1482 2326 1597 2363 Cales

310 2437 328 2464 4
354 2435 380 2457 S.
395 2436 426 2457 V.
443 2436 472 2456 Β.
488 2435 515 2456 Ε.
537 2426 642 2465 vulg:
668 2425 729 2455 sub
747 2425 821 2456 M¹:
849 2436 914 2455 om.
936 2424 989 2453 M²
1117 2435 1154 2462 14
1180 2425 1342 2454 misissem
1362 2423 1409 2461 M,
1429 2423 1464 2463 <fi
1485 2423 1595 2460 i6sm.

270 2469 473 2509 (audissem)
491 2481 497 2499 :
522 2470 596 2500 misi
615 2480 673 2500 eas
689 2480 767 2500 com.
791 2468 980 2508 lstsenbezg
1109 2479 1149 2506 ‘24
1175 2468 1259 2498 dixit
1279 2468 1324 2498 C:
1349 2477 1415 2497 om.
1437 2465 1477 2495 M
