1773 2651
109 523 126 553 5

92 849 131 871 10

94 1173 130 1204 Ῑ5

95 1497 133 1520 20

94 1827 131 1858 25

585 141 697 177 EPP.
730 141 808 177 AD
840 140 1101 177 ATTICVM
1431 137 1537 174 IV.i

150 263 269 299 quam
302 258 526 299 optaramus
551 250 753 288 consecuti
788 264 948 297 sumus;
988 249 1027 287 in
1058 263 1097 288 re
1127 257 1259 287 autem
1291 246 1481 294 familiari,

150 328 251 364 quae
286 328 403 364 quem
438 316 489 353 ad
525 316 688 352 modum
729 316 859 361 fracta,
893 314 1095 364 dissipata,
1129 313 1282 364 direpta
1316 312 1363 350 sit
1402 325 1483 349 non

149 379 315 429 ignoras,
348 381 463 417 valde
494 380 718 417 laboramus
750 387 986 429 tuarumque
1021 392 1101 416 non
1137 386 1216 416 tam
1252 377 1482 415 facultatum

149 457 246 493 quas
277 457 350 493 ego
385 451 536 482 nostras
570 457 656 482 esse
687 443 820 482 iudico
851 457 970 493 quam
1000 442 1254 481 consiliorum
1284 443 1335 480 ad
1365 441 1483 479 conli-

148 510 297 558 gendas
318 517 355 546 et
377 508 674 546 constituendas
695 508 876 558 reliquias
898 516 1049 546 nostras
1071 507 1304 557 indigemus.

204 575 324 611 Nunc
345 573 416 611 etsi
437 573 572 611 onmia
592 580 659 610 aut
680 573 822 622 scripta
843 586 928 611 esse
948 586 971 610 a
991 572 1067 610 tuis
1092 571 1256 610 arbitror
1276 579 1342 609 aut
1364 570 1481 608 etiam
1500 578 1526 615 4

149 638 296 676 nuntiis
321 652 365 676 ac
393 652 548 676 rumore
575 639 732 687 perlata⁷
757 645 888 676 tamen
914 651 960 676 ea
987 637 1155 675 scribam
1183 636 1291 675 brevi
1319 649 1419 685 quae
1445 643 1484 673 te

149 711 247 753 puto
286 702 534 752 potissimum
574 716 620 741 ex
659 702 757 741 meis
796 702 932 741 litteris
971 703 1070 740 velle
1112 714 1362 751 cognoscere.
1423 702 1482 737 Pr.

151 770 289 806 Nonas
316 768 470 806 Sextilis
504 767 721 817 Dyrrachio
746 781 832 805 sum
864 768 1061 817 profectus
1092 766 1178 816 ipso
1212 766 1279 804 illo
1310 765 1375 804 die
1405 778 1485 814 quo

151 835 211 872 lex
241 841 299 871 est
328 835 406 871 lata
435 834 485 871 de
515 832 641 871 nobis.
702 832 958 870 Brundisium
983 831 1073 869 veni
1104 830 1232 869 Nonis
1261 829 1481 869 Sextilibus.

152 898 214 937 Ibi
244 898 341 936 mihi
367 897 540 935 Tulliola
567 911 655 935 mea
681 897 753 935 fuit
780 905 935 947 praesto
963 896 1081 934 natali
1107 910 1179 934 suo
1209 895 1295 946 ipso
1323 895 1387 933 die
1417 894 1484 944 qui

150 977 243 1002 casu
282 963 388 1002 idem
428 962 567 1000 natalis
606 970 686 1001 erat
725 970 762 1000 et
803 961 1064 1000 Brundisinae
1103 961 1283 999 coloniae
1318 968 1355 998 et
1395 967 1484 998 tuae

151 1029 302 1067 vicinae
323 1028 465 1067 Salutis
482 1043 490 1076 ς
521 1042 622 1078 quae
643 1042 702 1066 res
722 1027 996 1066 animadversa
1014 1040 1037 1064 a
1059 1026 1311 1064 multitudine
1332 1038 1486 1063 summa

153 1093 481 1132 Brundisinorum
516 1093 776 1143 gratulatione
807 1093 1003 1130 celebrata
1036 1099 1104 1129 est.
1165 1093 1270 1129 Ante
1299 1090 1405 1128 diem
1440 1101 1484 1127 111

154 1160 250 1197 Idus
275 1158 429 1197 Sextilis
452 1157 631 1208 cognovi,
658 1171 780 1207 quom
807 1157 992 1195 Brundisi
1019 1169 1157 1202 essem,
1186 1155 1321 1193 litteris
1347 1153 1485 1203 Quinti

152 1223 317 1261 mirifico
338 1222 470 1261 studio
498 1222 676 1260 omnium
704 1230 877 1260 aetatum
902 1230 1020 1271 atque
1048 1221 1242 1267 ordinum,
1266 1218 1487 1258 incredibili

151 1302 346 1327 concursu
378 1288 514 1326 Italiae
549 1289 675 1337 legem
707 1287 877 1326 comitiis
909 1286 1135 1325 centuriatis
1166 1299 1251 1324 esse
1282 1286 1482 1334 perlatam.

152 1355 253 1393 Inde
284 1367 307 1392 a
342 1353 589 1392 Brundisinis
624 1353 901 1392 honestissime
941 1359 1100 1390 ornatus
1135 1351 1206 1389 iter
1239 1350 1292 1388 ita
1330 1350 1403 1388 feci
1443 1357 1485 1387 ut

151 1419 329 1468 undique
357 1420 408 1457 ad
439 1432 502 1457 me
532 1432 623 1456 cum
654 1417 913 1468 gratulatione
943 1416 1058 1467 legati
1092 1416 1358 1454 convenerint.
1418 1416 1483 1452 Ad
1502 1419 1527 1457 5

152 1485 291 1522 urbem
321 1483 374 1521 ita
400 1483 489 1522 veni
520 1491 561 1521 ut
589 1496 707 1521 nemo
735 1482 851 1520 ullius
878 1481 1026 1520 ordinis
1051 1483 1173 1519 homo
1201 1478 1486 1519 nomenclatori

152 1557 269 1588 notus
287 1548 400 1587 fuerit
416 1548 483 1598 qui
501 1548 596 1586 mihi
611 1548 768 1586 obviam
783 1561 863 1586 non
880 1546 1039 1592 venerit,
1056 1554 1207 1596 praeter
1220 1559 1287 1584 eos
1304 1545 1485 1582 inimicos

152 1615 296 1665 quibus
318 1615 515 1664 idipsum,
540 1628 580 1652 se
610 1613 791 1652 inimicos
822 1627 918 1659 esse,
946 1626 1026 1650 non
1051 1612 1184 1650 liceret
1211 1618 1277 1649 aut
1307 1610 1486 1649 dissimu-

152 1682 230 1718 lare
263 1687 330 1718 aut
369 1693 520 1729 negare.
599 1680 702 1718 Cum
741 1678 937 1716 venissem
982 1678 1033 1715 ad
1075 1684 1227 1726 portam
1268 1676 1486 1724 Capenam,

152 1747 295 1795 gradus
316 1747 554 1795 templorum
578 1745 629 1782 ab
656 1744 792 1782 infima
813 1744 928 1793 plebe
956 1742 1143 1792 completi
1171 1748 1290 1780 erant.
1351 1743 1387 1778 A
1409 1754 1487 1790 qua

153 1812 293 1861 plausu
314 1810 486 1848 maximo
507 1824 597 1848 cum
619 1817 721 1848 esset
742 1808 838 1847 mihi
866 1807 1072 1857 gratulatio
1100 1806 1327 1856 significata,
1351 1804 1486 1843 similis

153 1883 191 1913 et
218 1875 437 1925 frequentia
461 1882 499 1912 et
523 1876 683 1924 plausus
709 1887 771 1911 me
792 1886 916 1922 usque
941 1873 991 1910 ad
1014 1871 1255 1921 Capitolium
1277 1870 1487 1908 celebravit

154 1940 193 1978 in
215 1942 378 1990 foroque
399 1949 437 1978 et
458 1940 497 1978 in
520 1939 605 1990 ipso
627 1939 825 1989 Capitolio
848 1938 1025 1975 miranda
1047 1936 1259 1974 multitudo
1280 1935 1362 1973 fuit.

202 2055 214 2074 1
242 2049 436 2084 optaramus
463 2042 578 2074 Malu:
616 2047 773 2081 optamus
799 2041 891 2071 codd.
1048 2050 1063 2078 7
1090 2040 1234 2070 scribam
1261 2038 1396 2069 ENO':
1437 2038 1484 2068 in-

154 2089 297 2118 scribam
344 2087 497 2119 O2PM>÷
556 2086 613 2116 tibi
658 2086 802 2115 scribam
842 2084 920 2115 coni.
968 2082 1179 2122 lVaesenbm'g:
1227 2084 1300 2121 ipse
1345 2082 1486 2112 scribam

154 2133 232 2162 coni.
247 2130 425 2161 Lehmann
562 2139 598 2167 13
623 2139 642 2158 a
663 2126 782 2158 NOP:
807 2137 873 2156 om.
894 2126 950 2155 Μς
1086 2136 1123 2164 14
1149 2126 1376 2164 gratulatione
1401 2126 1486 2155 cele-

155 2176 251 2205 brata
277 2180 328 2205 est
361 2174 410 2203 C:
449 2184 514 2202 om.
552 2176 605 2202 ΣΔ
707 2180 747 2200 111
780 2169 950 2200 Sclnfm‘dt:
990 2179 1024 2198 vx
1052 2169 1138 2199 codd.
1310 2179 1347 2207 15
1387 2179 1488 2207 quom

158 2218 319 2248 Brundisi
348 2227 457 2246 essem
491 2213 665 2245 Z'NOPI:
707 2225 770 2244 0711.
804 2218 832 2243 Δ
984 2213 1021 2242 18
1047 2212 1286 2242 honestissime
1318 2213 1487 2243 Faernus:

156 2261 406 2291 honestissimis
422 2259 512 2290 codd.
533 2271 539 2289 2
563 2257 812 2288 honestissimis
830 2256 977 2286 decretis
997 2255 1212 2294 Orell1‘:s0rl.
1238 2255 1489 2285 honestissimis

157 2305 338 2335 sententiis
371 2299 488 2334 (siffis‘l
633 2311 674 2330 22
699 2310 735 2330 se
767 2300 918 2330 inimicos
951 2308 1027 2329 esse
1060 2298 1118 2329 del.
1151 2298 1317 2329 Corradus
1448 2308 1489 2337 24

158 2348 273 2378 infima
290 2338 390 2381 codds,
408 2345 498 2386 quod
511 2344 759 2384 deffendipolesl.
776 2343 813 2382 cf.
835 2344 855 2374 i.
873 2343 921 2374 16.
938 2352 985 2381 ΙΙ,
1008 2342 1048 2372 iv.
1067 2351 1096 2372 2.
1111 2351 1130 2380 3
1147 2353 1153 2371 z
1177 2342 1294 2372 infimo
1311 2341 1487 2372 Lehmann

158 2392 224 2422 coll.
247 2391 337 2421 Caes.
354 2390 392 2421 Β.
422 2389 459 2420 G.
479 2389 523 2420 iii.
548 2399 595 2426 19v
617 2397 643 2427 Ι,
662 2387 715 2417 vii.
740 2397 787 2426 19.
810 2396 834 2424 Ι,
856 2396 906 2425 73.
925 2395 944 2423 3
