1732 2661
126 161 178 198 II.
199 160 245 197 iv
565 161 620 197 M.
654 161 821 197 TVLLI
855 160 1162 198 CICERONIS

199 285 289 309 cum
330 271 456 309 Musis
496 284 568 309 nos
607 270 893 309 delectabimus
932 270 1066 308 animo
1102 283 1244 320 aequo,
1280 269 1402 308 immo
1441 284 1532 309 vero

199 336 316 374 etiam
351 336 538 386 gaudenti
573 350 618 374 ac
651 335 798 382 libenti,
824 349 952 385 neque
987 335 1082 373 mihi
1115 349 1303 385 umquam
1334 335 1463 374 veniet
1493 335 1532 374 in

200 409 373 440 mentem
403 403 545 440 Crasso
577 400 752 439 invidere
782 414 911 450 neque
941 400 1140 451 paenitere
1168 401 1276 451 quod
1305 414 1328 438 a
1357 414 1420 439 me
1450 400 1532 450 ipse

201 480 281 505 non
303 466 547 505 desciverim.

157 540 182 578 3
256 534 317 570 De
351 531 589 581 geographia
620 531 726 570 dabo
761 544 920 580 operam
956 538 998 568 ut
1033 530 1103 569 tibi
1135 531 1227 568 satis
1263 530 1428 572 faciam:
1463 532 1533 570 sed
1554 548 1570 578 5

200 596 297 634 nihil
336 596 429 635 certi
469 596 667 645 polliceor.
730 597 921 646 Magnum
957 609 1056 646 opus
1095 603 1164 643 est,
1202 597 1271 634 sed
1311 604 1454 643 tamen,
1492 604 1534 634 ut

202 661 323 708 iubes,
347 662 494 700 curabo
524 668 566 699 ut
596 660 712 699 huius
733 660 1055 710 peregrinationis
1075 660 1238 710 aliquod
1258 660 1329 699 tibi
1350 674 1449 711 opus
1474 675 1534 699 ex-

155 739 180 778 4
202 734 285 766 stet.
346 729 408 765 Tu
430 726 619 776 quicquid
641 726 835 775 indagaris
862 727 912 764 de
939 740 978 764 re
1006 725 1165 776 publica
1185 733 1223 764 et
1244 726 1412 764 maxime
1434 740 1533 776 quos

201 794 383 831 consules
405 793 554 830 futuros
578 799 692 841 putes
717 791 834 829 facito
856 798 897 829 ut
919 791 1050 829 sciam.
1110 791 1286 829 Tametsi
1308 791 1423 829 nimis
1445 805 1531 829 sum

156 870 181 909 5
200 857 376 896 curiosus
394 872 400 903 ;
433 856 549 895 statui
571 856 676 894 enim
698 856 795 894 nihil
817 856 893 894 iarn
916 858 966 895 de
987 870 1026 895 re
1047 856 1206 906 publica
1227 856 1407 906 cogitare.
1459 858 1532 895 Te-
1556 871 1593 893 10

200 922 346 961 rentiae
360 924 501 961 saltum
519 921 798 972 perspeximus.
844 921 952 970 Quid
967 921 1119 971 quaeris
1134 924 1150 960 ?
1178 929 1330 971 praeter
1343 935 1531 971 quercum

202 990 464 1027 Dodonaeam
499 987 596 1025 nihil
628 987 900 1026 desideramus
939 1000 1019 1036 quo
1054 986 1183 1024 minus
1215 987 1377 1037 Epirum
1409 987 1532 1037 ipsam

152 1062 179 1098 6
201 1053 402 1103 possidere
424 1052 637 1091 videamur.
701 1053 786 1090 Nos
803 1051 954 1090 circiter
973 1053 1060 1089 Kal.
1080 1059 1147 1089 aut
1169 1051 1208 1089 in
1232 1051 1443 1090 Formiano
1465 1052 1533 1090 eri-

200 1133 287 1157 mus
308 1126 375 1156 aut
396 1118 433 1155 in
458 1116 712 1167 Pompeiano.
773 1119 846 1163 Tu,
871 1116 901 1154 si
924 1116 963 1154 in
986 1116 1197 1155 Formiano
1218 1130 1298 1155 non
1323 1117 1477 1163 erimus,
1502 1117 1531 1155 si

199 1197 271 1222 nos
285 1196 402 1228 amas,
423 1183 462 1220 in
481 1181 767 1231 Pompeianum
783 1181 925 1220 venito,
978 1182 1025 1220 Id
1047 1189 1085 1220 et
1106 1181 1221 1220 nobis
1243 1181 1312 1220 erit
1329 1182 1533 1231 periucun-
1556 1198 1592 1230 15

156 1253 179 1293 7
199 1250 295 1287 dum
313 1256 350 1286 et
372 1247 441 1285 tibi
459 1261 539 1285 non
555 1260 648 1285 sane
662 1246 832 1285 devium.
895 1248 956 1285 De
978 1260 1090 1285 muro
1111 1246 1298 1296 imperavi
1318 1246 1532 1285 Philotimo

199 1328 248 1352 ne
276 1312 484 1363 impediret
506 1325 586 1362 quo
607 1311 737 1349 minus
764 1311 804 1350 id
833 1312 941 1350 fieret
969 1312 1077 1361 quod
1108 1311 1178 1349 tibi
1203 1311 1409 1350 videretur.
1470 1315 1532 1350 Tu

199 1392 342 1417 censeo
357 1386 489 1416 tamen
510 1377 700 1416 adhibeas
722 1376 911 1416 Vettium.
957 1376 1033 1415 His
1054 1376 1298 1426 temporibus
1315 1385 1393 1415 tam
1411 1377 1533 1416 dubia

199 1445 277 1482 vita
304 1443 443 1494 optimi
464 1443 655 1492 cuiusque
681 1443 811 1492 magni
841 1442 1007 1481 aestimo
1037 1443 1152 1481 unius
1179 1443 1337 1481 aestatis
1363 1445 1531 1483 fructum

199 1511 414 1560 palaestrae
448 1507 659 1555 Palatinae,
697 1509 767 1546 sed
802 1507 855 1546 ita
889 1516 1021 1546 tamen
1056 1516 1097 1546 ut
1129 1507 1225 1545 nihil
1257 1508 1387 1547 minus
1414 1509 1531 1548 velim
1555 1524 1593 1545 20

199 1587 319 1624 quam
342 1572 603 1624 Pomponiam
625 1580 663 1612 et
684 1586 849 1623 puerum
871 1573 1011 1612 versari
1033 1572 1072 1611 in
1094 1573 1233 1612 timore
1255 1573 1398 1613 ruinae.

242 1699 283 1734 V
515 1701 586 1734 Ss‘t‘.
605 1701 693 1732 Anti
709 1702 812 1733 medio
829 1712 872 1734 nt.
893 1701 976 1743 Apr.
997 1713 1026 1733 a.
1049 1704 1108 1743 695
1127 1703 1216 1744 (59).

611 1790 786 1821 CICERO
813 1790 985 1822 ATTICO
1019 1791 1114 1822 SAL.

163 1891 179 1917 Ι
253 1880 383 1932 Cupio
413 1880 598 1931 equidem
630 1889 667 1920 et
698 1881 773 1919 iam
805 1882 958 1932 pridem
989 1881 1106 1932 cupio
1136 1883 1423 1920 Alexandream
1450 1881 1532 1921 reli-

198 1960 397 1996 quamque
418 1949 643 1997 Aegyptum
665 1946 788 1986 visere
815 1955 853 1986 et
881 1947 996 1986 simul
1021 1948 1071 1986 ab
1100 1948 1173 1985 hac
1194 1947 1400 1985 hominum
1422 1947 1531 1986 satie·
1553 1963 1591 1995 25

198 2019 276 2049 tate
306 2010 427 2049 nostri
458 2010 661 2050 discedere
691 2019 729 2050 et
759 2026 849 2050 cum
880 2011 1014 2062 aliquo
1043 2011 1240 2051 desiderio
1270 2012 1431 2059 reverti3
1461 2014 1531 2051 sed

199 2077 275 2114 hoc
296 2083 473 2125 tempore
494 2083 532 2113 et
552 2075 613 2113 his
635 2075 883 2115 mittentibus

385 2141 550 2191 αἰδέομαι
579 2145 704 2191 Τρῶας
734 2143 793 2179 καὶ
821 2143 992 2194 Τρῳάδας
1021 2144 1322 2182 ἑλκεσιπέπλους.

201 2206 309 2255 Quid
335 2206 440 2244 enim
462 2206 583 2244 nostri
606 2207 826 2257 optimates,
850 2207 881 2245 si
909 2207 976 2257 qui
1001 2207 1138 2258 reliqui
1166 2215 1267 2254 sunt,
1290 2209 1531 2257 loquentur?

199 2284 248 2308 an
271 2285 333 2309 me
353 2271 486 2320 aliquo
507 2271 681 2321 praemio
702 2273 752 2310 de
773 2272 967 2310 sententia
987 2286 1072 2311 esse
1093 2273 1308 2311 deductum
1326 2274 1342 2310 ?
1549 2287 1590 2317 30

236 2384 261 2423 *7
287 2375 421 2447 aliffiod
439 2385 503 2404 om.
527 2374 579 2404 M¹
737 2386 758 2414 9
783 2375 833 2405 fac
858 2376 924 2406 cito
946 2375 1176 2406 Mendelssolm
1356 2375 1454 2407 nimis
1469 2381 1531 2407 Σεε

200 2427 310 2448 mmus
