<?xml version="1.0" encoding="UTF-8"?>
<!DOCTYPE html PUBLIC "-//W3C//DTD XHTML 1.0 Transitional//EN"
    "http://www.w3.org/TR/xhtml1/DTD/xhtml1-transitional.dtd">
<html xmlns="http://www.w3.org/1999/xhtml" xml:lang="en" lang="en">
 <head>
  <title>
</title>
<meta http-equiv="Content-Type" content="text/html;charset=utf-8" />
  <meta name='ocr-system' content='tesseract 3.04.00' />
  <meta name='ocr-capabilities' content='ocr_page ocr_carea ocr_par ocr_line ocrx_word'/>
</head>
<body>
  <div class='ocr_page' id='page_1' title='image "./p1epistulaerecog02ciceuoft_0035.png"; bbox 0 0 1732 2661; ppageno 0'>
   <div class='ocr_carea' id='block_1_1' title="bbox 616 184 1627 224">
    <p class='ocr_par' dir='ltr' id='par_1_1' title="bbox 616 184 1627 224">
     <span class='ocr_line' id='line_1_1' title="bbox 616 184 1627 224; baseline 0.003 -4"><span class='ocrx_word' id='word_1_1' title='bbox 616 185 727 220; x_wconf 85' lang='lat' dir='ltr'>EPP.</span> <span class='ocrx_word' id='word_1_2' title='bbox 760 185 838 220; x_wconf 74' lang='lat' dir='ltr'>AD</span> <span class='ocrx_word' id='word_1_3' title='bbox 869 184 1129 222; x_wconf 75' lang='lat' dir='ltr'>ATTICVM</span> <span class='ocrx_word' id='word_1_4' title='bbox 1514 187 1542 224; x_wconf 95' lang='lat' dir='ltr'>I.</span> <span class='ocrx_word' id='word_1_5' title='bbox 1565 186 1627 223; x_wconf 89' lang='lat' dir='ltr'>xii</span> 
     </span>
    </p>
   </div>
   <div class='ocr_carea' id='block_1_2' title="bbox 237 291 1156 402">
    <p class='ocr_par' dir='ltr' id='par_1_2' title="bbox 237 291 1156 402">
     <span class='ocr_line' id='line_1_2' title="bbox 237 291 1156 335; baseline -0.002 -9"><span class='ocrx_word' id='word_1_6' title='bbox 237 291 327 326; x_wconf 80' lang='lat' dir='ltr'>XII</span> <span class='ocrx_word' id='word_1_7' title='bbox 559 294 625 326; x_wconf 73' lang='lat' dir='ltr'>Sc».</span> <span class='ocrx_word' id='word_1_8' title='bbox 648 294 776 324; x_wconf 78' lang='lat' dir='ltr'>Romae</span> <span class='ocrx_word' id='word_1_9' title='bbox 792 295 834 325; x_wconf 83' lang='lat' dir='ltr'>K.</span> <span class='ocrx_word' id='word_1_10' title='bbox 854 294 927 324; x_wconf 82' lang='lat' dir='ltr'>Ian.</span> <span class='ocrx_word' id='word_1_11' title='bbox 949 305 978 324; x_wconf 82' lang='lat' dir='ltr'>a.</span> <span class='ocrx_word' id='word_1_12' title='bbox 999 296 1057 333; x_wconf 64' lang='lat'>60}</span> <span class='ocrx_word' id='word_1_13' title='bbox 1077 296 1156 335; x_wconf 50' lang='lat'>(61‘.</span> 
     </span>
     <span class='ocr_line' id='line_1_3' title="bbox 609 372 1104 402; baseline 0 0"><span class='ocrx_word' id='word_1_14' title='bbox 609 372 785 402; x_wconf 74' lang='lat' dir='ltr'>CICERO</span> <span class='ocrx_word' id='word_1_15' title='bbox 810 372 982 402; x_wconf 85' lang='lat' dir='ltr'>ATTICO</span> <span class='ocrx_word' id='word_1_16' title='bbox 1009 372 1104 402; x_wconf 79' lang='lat' dir='ltr'>SAL.</span> 
     </span>
    </p>
   </div>
   <div class='ocr_carea' id='block_1_3' title="bbox 114 449 1562 2260">
    <p class='ocr_par' dir='ltr' id='par_1_3' title="bbox 128 449 1562 1280">
     <span class='ocr_line' id='line_1_4' title="bbox 244 449 1562 500; baseline 0.004 -13"><span class='ocrx_word' id='word_1_17' title='bbox 244 449 407 488; x_wconf 87' lang='lat' dir='ltr'>Teucris</span> <span class='ocrx_word' id='word_1_18' title='bbox 437 449 502 488; x_wconf 83' lang='lat' dir='ltr'>illa</span> <span class='ocrx_word' id='word_1_19' title='bbox 532 451 682 487; x_wconf 89' lang='lat' dir='ltr'>lentum</span> <span class='ocrx_word' id='word_1_20' title='bbox 714 464 807 487; x_wconf 87' lang='lat' dir='ltr'>sane</span> <span class='ocrx_word' id='word_1_21' title='bbox 838 449 1051 498; x_wconf 72' lang='lat' dir='ltr'>negotium,</span> <span class='ocrx_word' id='word_1_22' title='bbox 1075 464 1205 500; x_wconf 88' lang='lat' dir='ltr'>neque</span> <span class='ocrx_word' id='word_1_23' title='bbox 1237 452 1445 490; x_wconf 90' lang='lat' dir='ltr'>Cornelius</span> <span class='ocrx_word' id='word_1_24' title='bbox 1474 454 1525 490; x_wconf 84' lang='lat' dir='ltr'>ad</span> <span class='ocrx_word' id='word_1_25' title='bbox 1546 467 1562 492; x_wconf 96' lang='lat'>1</span> 
     </span>
     <span class='ocr_line' id='line_1_5' title="bbox 191 514 1522 564; baseline 0.002 -12"><span class='ocrx_word' id='word_1_26' title='bbox 191 514 416 553; x_wconf 83' lang='lat' dir='ltr'>Terentiam</span> <span class='ocrx_word' id='word_1_27' title='bbox 451 523 589 564; x_wconf 84' lang='lat' dir='ltr'>postea</span> <span class='ocrx_word' id='word_1_28' title='bbox 623 515 746 552; x_wconf 88' lang='lat' dir='ltr'>rediit.</span> <span class='ocrx_word' id='word_1_29' title='bbox 808 514 961 563; x_wconf 88' lang='lat' dir='ltr'>Opinor</span> <span class='ocrx_word' id='word_1_30' title='bbox 993 516 1045 552; x_wconf 86' lang='lat' dir='ltr'>ad</span> <span class='ocrx_word' id='word_1_31' title='bbox 1081 515 1329 562; x_wconf 82' lang='lat' dir='ltr'>Considium,</span> <span class='ocrx_word' id='word_1_32' title='bbox 1367 516 1522 563; x_wconf 80' lang='lat' dir='ltr'>Axium,</span> 
     </span>
     <span class='ocr_line' id='line_1_6' title="bbox 151 579 1524 631; baseline 0.002 -15"><span class='ocrx_word' id='word_1_33' title='bbox 151 589 168 620; x_wconf 85' lang='lat'><strong><em>5</em></strong></span> <span class='ocrx_word' id='word_1_34' title='bbox 191 579 375 617; x_wconf 77' lang='lat' dir='ltr'>Selicium</span> <span class='ocrx_word' id='word_1_35' title='bbox 424 579 734 628; x_wconf 79' lang='lat' dir='ltr'>confugiendum</span> <span class='ocrx_word' id='word_1_36' title='bbox 775 587 857 627; x_wconf 72' lang='lat' dir='ltr'>est3</span> <span class='ocrx_word' id='word_1_37' title='bbox 906 593 997 617; x_wconf 87' lang='lat' dir='ltr'>nam</span> <span class='ocrx_word' id='word_1_38' title='bbox 1035 594 1058 617; x_wconf 88' lang='lat' dir='ltr'>a</span> <span class='ocrx_word' id='word_1_39' title='bbox 1098 580 1273 619; x_wconf 88' lang='lat' dir='ltr'>Caecilio</span> <span class='ocrx_word' id='word_1_40' title='bbox 1313 581 1524 631; x_wconf 87' lang='lat' dir='ltr'>propinqui</span> 
     </span>
     <span class='ocr_line' id='line_1_7' title="bbox 190 643 1523 694; baseline 0.003 -13"><span class='ocrx_word' id='word_1_41' title='bbox 190 644 340 682; x_wconf 86' lang='lat' dir='ltr'>minore</span> <span class='ocrx_word' id='word_1_42' title='bbox 361 643 585 681; x_wconf 68' lang='lat' dir='ltr'>centesimis</span> <span class='ocrx_word' id='word_1_43' title='bbox 607 658 815 681; x_wconf 88' lang='lat' dir='ltr'>nummum</span> <span class='ocrx_word' id='word_1_44' title='bbox 843 658 1000 682; x_wconf 79' lang='lat' dir='ltr'>movere</span> <span class='ocrx_word' id='word_1_45' title='bbox 1028 659 1107 682; x_wconf 91' lang='lat' dir='ltr'>non</span> <span class='ocrx_word' id='word_1_46' title='bbox 1136 653 1312 694; x_wconf 79' lang='lat' dir='ltr'>possunt.</span> <span class='ocrx_word' id='word_1_47' title='bbox 1374 648 1452 685; x_wconf 83' lang='lat' dir='ltr'>Sed</span> <span class='ocrx_word' id='word_1_48' title='bbox 1481 655 1523 685; x_wconf 85' lang='lat' dir='ltr'>ut</span> 
     </span>
     <span class='ocr_line' id='line_1_8' title="bbox 187 709 1523 759; baseline 0.002 -13"><span class='ocrx_word' id='word_1_49' title='bbox 187 710 238 746; x_wconf 86' lang='lat' dir='ltr'>ad</span> <span class='ocrx_word' id='word_1_50' title='bbox 265 709 390 758; x_wconf 76' lang='lat' dir='ltr'>prima</span> <span class='ocrx_word' id='word_1_51' title='bbox 419 709 484 746; x_wconf 79' lang='lat' dir='ltr'>illa</span> <span class='ocrx_word' id='word_1_52' title='bbox 510 711 680 755; x_wconf 79' lang='lat' dir='ltr'>redeam,</span> <span class='ocrx_word' id='word_1_53' title='bbox 713 709 809 747; x_wconf 82' lang='lat' dir='ltr'>nihil</span> <span class='ocrx_word' id='word_1_54' title='bbox 840 723 912 759; x_wconf 76' lang='lat' dir='ltr'>ego</span> <span class='ocrx_word' id='word_1_55' title='bbox 943 709 1007 747; x_wconf 81' lang='lat' dir='ltr'>illa</span> <span class='ocrx_word' id='word_1_56' title='bbox 1037 709 1318 759; x_wconf 85' lang='lat' dir='ltr'>impudentius,</span> <span class='ocrx_word' id='word_1_57' title='bbox 1344 711 1523 759; x_wconf 86' lang='lat' dir='ltr'>astutius,</span> 
     </span>
     <span class='ocr_line' id='line_1_9' title="bbox 188 773 1521 826; baseline 0.002 -15"><span class='ocrx_word' id='word_1_58' title='bbox 188 774 330 812; x_wconf 86' lang='lat' dir='ltr'>lentius</span> <span class='ocrx_word' id='word_1_59' title='bbox 351 773 440 811; x_wconf 73' lang='lat' dir='ltr'>vidi.</span> <span class='ocrx_word' id='word_1_60' title='bbox 501 774 727 812; x_wconf 75' lang='lat' dir='ltr'>‘Libertum</span> <span class='ocrx_word' id='word_1_61' title='bbox 752 774 876 821; x_wconf 87' lang='lat' dir='ltr'>mitto,</span> <span class='ocrx_word' id='word_1_62' title='bbox 899 775 992 812; x_wconf 85' lang='lat' dir='ltr'>Tito</span> <span class='ocrx_word' id='word_1_63' title='bbox 1014 774 1222 813; x_wconf 69' lang='lat' dir='ltr'>mandavi.²</span> <span class='ocrx_word' id='word_1_64' title='bbox 1281 777 1439 826; x_wconf 79' lang='grc' dir='ltr'>Σκήψεις</span> <span class='ocrx_word' id='word_1_65' title='bbox 1466 785 1521 814; x_wconf 89' lang='lat' dir='ltr'>at-</span> 
     </span>
     <span class='ocr_line' id='line_1_10' title="bbox 188 839 1521 890; baseline 0.002 -13"><span class='ocrx_word' id='word_1_66' title='bbox 188 853 264 889; x_wconf 93' lang='lat' dir='ltr'>que</span> <span class='ocrx_word' id='word_1_67' title='bbox 294 841 504 888; x_wconf 62' lang='lat' dir='ltr'>‹ivassosXar&#39;g</span> <span class='ocrx_word' id='word_1_68' title='bbox 534 840 603 877; x_wconf 86' lang='lat' dir='ltr'>sed</span> <span class='ocrx_word' id='word_1_69' title='bbox 630 839 764 877; x_wconf 82' lang='lat' dir='ltr'>nescio</span> <span class='ocrx_word' id='word_1_70' title='bbox 784 853 835 877; x_wconf 89' lang='lat' dir='ltr'>an</span> <span class='ocrx_word' id='word_1_71' title='bbox 856 841 1087 890; x_wconf 73' lang='grc' dir='ltr'>ταύτόματον</span> <span class='ocrx_word' id='word_1_72' title='bbox 1114 841 1225 890; x_wconf 77' lang='grc' dir='ltr'>ἡμῶν.</span> <span class='ocrx_word' id='word_1_73' title='bbox 1288 842 1391 878; x_wconf 89' lang='lat' dir='ltr'>Nam</span> <span class='ocrx_word' id='word_1_74' title='bbox 1425 841 1521 879; x_wconf 87' lang='lat' dir='ltr'>mihi</span> 
     </span>
     <span class='ocr_line' id='line_1_11' title="bbox 130 904 1520 955; baseline 0.003 -15"><span class='ocrx_word' id='word_1_75' title='bbox 130 917 168 939; x_wconf 93' lang='lat'>10</span> <span class='ocrx_word' id='word_1_76' title='bbox 189 905 419 955; x_wconf 84' lang='lat' dir='ltr'>Pompeiani</span> <span class='ocrx_word' id='word_1_77' title='bbox 454 904 656 954; x_wconf 83' lang='lat' dir='ltr'>prodromi</span> <span class='ocrx_word' id='word_1_78' title='bbox 692 905 874 943; x_wconf 83' lang='lat' dir='ltr'>nuntiant</span> <span class='ocrx_word' id='word_1_79' title='bbox 905 914 1038 955; x_wconf 88' lang='lat' dir='ltr'>aperte</span> <span class='ocrx_word' id='word_1_80' title='bbox 1071 905 1306 955; x_wconf 89' lang='lat' dir='ltr'>Pompeium</span> <span class='ocrx_word' id='word_1_81' title='bbox 1340 914 1520 944; x_wconf 89' lang='lat' dir='ltr'>acturum</span> 
     </span>
     <span class='ocr_line' id='line_1_12' title="bbox 187 969 1521 1022; baseline 0.002 -15"><span class='ocrx_word' id='word_1_82' title='bbox 187 970 364 1008; x_wconf 86' lang='lat' dir='ltr'>Antonio</span> <span class='ocrx_word' id='word_1_83' title='bbox 394 969 553 1008; x_wconf 77' lang='lat' dir='ltr'>succedi</span> <span class='ocrx_word' id='word_1_84' title='bbox 584 978 765 1020; x_wconf 72' lang='lat' dir='ltr'>oportere</span> <span class='ocrx_word' id='word_1_85' title='bbox 788 972 1011 1020; x_wconf 89' lang='lat' dir='ltr'>eodemque</span> <span class='ocrx_word' id='word_1_86' title='bbox 1042 978 1219 1020; x_wconf 88' lang='lat' dir='ltr'>tempore</span> <span class='ocrx_word' id='word_1_87' title='bbox 1248 979 1336 1020; x_wconf 80' lang='lat' dir='ltr'>aget</span> <span class='ocrx_word' id='word_1_88' title='bbox 1365 980 1521 1022; x_wconf 89' lang='lat' dir='ltr'>praetor</span> 
     </span>
     <span class='ocr_line' id='line_1_13' title="bbox 185 1035 1519 1087; baseline 0.004 -15"><span class='ocrx_word' id='word_1_89' title='bbox 185 1036 235 1073; x_wconf 86' lang='lat' dir='ltr'>ad</span> <span class='ocrx_word' id='word_1_90' title='bbox 260 1037 462 1085; x_wconf 88' lang='lat' dir='ltr'>populum.</span> <span class='ocrx_word' id='word_1_91' title='bbox 537 1037 617 1073; x_wconf 82' lang='lat' dir='ltr'>Res</span> <span class='ocrx_word' id='word_1_92' title='bbox 642 1035 726 1074; x_wconf 86' lang='lat' dir='ltr'>eius</span> <span class='ocrx_word' id='word_1_93' title='bbox 753 1036 861 1074; x_wconf 90' lang='lat' dir='ltr'>modi</span> <span class='ocrx_word' id='word_1_94' title='bbox 889 1044 947 1074; x_wconf 85' lang='lat' dir='ltr'>est</span> <span class='ocrx_word' id='word_1_95' title='bbox 977 1044 1019 1074; x_wconf 90' lang='lat' dir='ltr'>ut</span> <span class='ocrx_word' id='word_1_96' title='bbox 1046 1050 1118 1086; x_wconf 82' lang='lat' dir='ltr'>ego</span> <span class='ocrx_word' id='word_1_97' title='bbox 1140 1051 1214 1075; x_wconf 92' lang='lat' dir='ltr'>nec</span> <span class='ocrx_word' id='word_1_98' title='bbox 1234 1050 1302 1087; x_wconf 88' lang='lat' dir='ltr'>per</span> <span class='ocrx_word' id='word_1_99' title='bbox 1324 1038 1519 1077; x_wconf 88' lang='lat' dir='ltr'>bonorum</span> 
     </span>
     <span class='ocr_line' id='line_1_14' title="bbox 160 1100 1521 1151; baseline 0.003 -14"><span class='ocrx_word' id='word_1_100' title='bbox 160 1113 259 1147; x_wconf 80' lang='lat' dir='ltr'>¹nec</span> <span class='ocrx_word' id='word_1_101' title='bbox 289 1113 357 1149; x_wconf 92' lang='lat' dir='ltr'>per</span> <span class='ocrx_word' id='word_1_102' title='bbox 388 1102 619 1150; x_wconf 76' lang='lat' dir='ltr'>popularem</span> <span class='ocrx_word' id='word_1_103' title='bbox 655 1100 985 1139; x_wconf 75' lang='lat' dir='ltr'>existimationem</span> <span class='ocrx_word' id='word_1_104' title='bbox 1019 1102 1184 1140; x_wconf 82' lang='lat' dir='ltr'>honeste</span> <span class='ocrx_word' id='word_1_105' title='bbox 1216 1102 1364 1151; x_wconf 87' lang='lat' dir='ltr'>possim</span> <span class='ocrx_word' id='word_1_106' title='bbox 1397 1104 1521 1142; x_wconf 91' lang='lat' dir='ltr'>homi-</span> 
     </span>
     <span class='ocr_line' id='line_1_15' title="bbox 185 1165 1516 1217; baseline 0.004 -15"><span class='ocrx_word' id='word_1_107' title='bbox 185 1179 276 1202; x_wconf 88' lang='lat' dir='ltr'>nem</span> <span class='ocrx_word' id='word_1_108' title='bbox 308 1166 532 1212; x_wconf 85' lang='lat' dir='ltr'>defendere,</span> <span class='ocrx_word' id='word_1_109' title='bbox 570 1180 643 1203; x_wconf 90' lang='lat' dir='ltr'>nec</span> <span class='ocrx_word' id='word_1_110' title='bbox 675 1165 771 1203; x_wconf 86' lang='lat' dir='ltr'>mibi</span> <span class='ocrx_word' id='word_1_111' title='bbox 804 1166 934 1214; x_wconf 89' lang='lat' dir='ltr'>libeat,</span> <span class='ocrx_word' id='word_1_112' title='bbox 971 1168 1080 1217; x_wconf 92' lang='lat' dir='ltr'>quod</span> <span class='ocrx_word' id='word_1_113' title='bbox 1109 1169 1169 1205; x_wconf 91' lang='lat' dir='ltr'>vel</span> <span class='ocrx_word' id='word_1_114' title='bbox 1200 1167 1415 1206; x_wconf 78' lang='lat' dir='ltr'>maximum</span> <span class='ocrx_word' id='word_1_115' title='bbox 1448 1177 1516 1207; x_wconf 88' lang='lat' dir='ltr'>est.</span> 
     </span>
     <span class='ocr_line' id='line_1_16' title="bbox 128 1229 1519 1280; baseline 0.004 -14"><span class='ocrx_word' id='word_1_116' title='bbox 128 1243 163 1274; x_wconf 84' lang='lat'>15</span> <span class='ocrx_word' id='word_1_117' title='bbox 186 1229 344 1268; x_wconf 88' lang='lat' dir='ltr'>Etenim</span> <span class='ocrx_word' id='word_1_118' title='bbox 373 1230 518 1268; x_wconf 86' lang='lat' dir='ltr'>accidit</span> <span class='ocrx_word' id='word_1_119' title='bbox 546 1231 634 1276; x_wconf 90' lang='lat' dir='ltr'>hoc,</span> <span class='ocrx_word' id='word_1_120' title='bbox 658 1232 767 1280; x_wconf 92' lang='lat' dir='ltr'>quod</span> <span class='ocrx_word' id='word_1_121' title='bbox 793 1239 921 1269; x_wconf 89' lang='lat' dir='ltr'>totum</span> <span class='ocrx_word' id='word_1_122' title='bbox 946 1231 1057 1269; x_wconf 88' lang='lat' dir='ltr'>cuius</span> <span class='ocrx_word' id='word_1_123' title='bbox 1079 1232 1188 1270; x_wconf 91' lang='lat' dir='ltr'>modi</span> <span class='ocrx_word' id='word_1_124' title='bbox 1210 1232 1257 1270; x_wconf 88' lang='lat' dir='ltr'>sit</span> <span class='ocrx_word' id='word_1_125' title='bbox 1280 1235 1427 1272; x_wconf 87' lang='lat' dir='ltr'>mando</span> <span class='ocrx_word' id='word_1_126' title='bbox 1449 1234 1519 1272; x_wconf 86' lang='lat' dir='ltr'>tibi</span> 
     </span>
    </p>

    <p class='ocr_par' dir='ltr' id='par_1_4' title="bbox 120 1295 1561 1999">
     <span class='ocr_line' id='line_1_17' title="bbox 184 1295 1561 1347; baseline 0.004 -15"><span class='ocrx_word' id='word_1_127' title='bbox 184 1302 227 1332; x_wconf 91' lang='lat' dir='ltr'>ut</span> <span class='ocrx_word' id='word_1_128' title='bbox 247 1295 468 1344; x_wconf 78' lang='lat' dir='ltr'>perspicias.</span> <span class='ocrx_word' id='word_1_129' title='bbox 521 1295 724 1333; x_wconf 85' lang='lat' dir='ltr'>Libertum</span> <span class='ocrx_word' id='word_1_130' title='bbox 746 1310 820 1346; x_wconf 80' lang='lat' dir='ltr'>ego</span> <span class='ocrx_word' id='word_1_131' title='bbox 842 1297 970 1335; x_wconf 82' lang='lat' dir='ltr'>habeo</span> <span class='ocrx_word' id='word_1_132' title='bbox 992 1311 1086 1335; x_wconf 88' lang='lat' dir='ltr'>sane</span> <span class='ocrx_word' id='word_1_133' title='bbox 1107 1311 1277 1347; x_wconf 89' lang='lat' dir='ltr'>nequam</span> <span class='ocrx_word' id='word_1_134' title='bbox 1301 1298 1515 1346; x_wconf 86' lang='lat' dir='ltr'>hominem,</span> <span class='ocrx_word' id='word_1_135' title='bbox 1537 1314 1561 1340; x_wconf 87' lang='lat'>2</span> 
     </span>
     <span class='ocr_line' id='line_1_18' title="bbox 185 1360 1517 1407; baseline 0.005 -11"><span class='ocrx_word' id='word_1_136' title='bbox 185 1360 367 1398; x_wconf 75' lang='lat' dir='ltr'>Hilarum</span> <span class='ocrx_word' id='word_1_137' title='bbox 401 1360 503 1407; x_wconf 85' lang='lat' dir='ltr'>dico,</span> <span class='ocrx_word' id='word_1_138' title='bbox 540 1360 856 1399; x_wconf 84' lang='lat' dir='ltr'>ratiocinatorem</span> <span class='ocrx_word' id='word_1_139' title='bbox 891 1369 929 1399; x_wconf 91' lang='lat' dir='ltr'>et</span> <span class='ocrx_word' id='word_1_140' title='bbox 964 1361 1146 1399; x_wconf 90' lang='lat' dir='ltr'>clientem</span> <span class='ocrx_word' id='word_1_141' title='bbox 1179 1369 1301 1400; x_wconf 90' lang='lat' dir='ltr'>tuum.</span> <span class='ocrx_word' id='word_1_142' title='bbox 1376 1365 1437 1401; x_wconf 91' lang='lat' dir='ltr'>De</span> <span class='ocrx_word' id='word_1_143' title='bbox 1469 1378 1517 1402; x_wconf 94' lang='lat' dir='ltr'>eo</span> 
     </span>
     <span class='ocr_line' id='line_1_19' title="bbox 183 1424 1517 1476; baseline 0.003 -14"><span class='ocrx_word' id='word_1_144' title='bbox 183 1424 278 1462; x_wconf 89' lang='lat' dir='ltr'>mihi</span> <span class='ocrx_word' id='word_1_145' title='bbox 299 1425 477 1464; x_wconf 80' lang='lat' dir='ltr'>Valerius</span> <span class='ocrx_word' id='word_1_146' title='bbox 502 1425 692 1475; x_wconf 86' lang='lat' dir='ltr'>interpres</span> <span class='ocrx_word' id='word_1_147' title='bbox 720 1426 874 1464; x_wconf 87' lang='lat' dir='ltr'>nuntiat</span> <span class='ocrx_word' id='word_1_148' title='bbox 895 1426 1154 1476; x_wconf 82' lang='lat' dir='ltr'>Thyillusque</span> <span class='ocrx_word' id='word_1_149' title='bbox 1182 1440 1223 1465; x_wconf 88' lang='lat' dir='ltr'>se</span> <span class='ocrx_word' id='word_1_150' title='bbox 1249 1427 1407 1466; x_wconf 84' lang='lat' dir='ltr'>audisse</span> <span class='ocrx_word' id='word_1_151' title='bbox 1429 1429 1517 1466; x_wconf 91' lang='lat' dir='ltr'>scri-</span> 
     </span>
     <span class='ocr_line' id='line_1_20' title="bbox 183 1490 1514 1542; baseline 0.003 -14"><span class='ocrx_word' id='word_1_152' title='bbox 183 1490 237 1528; x_wconf 89' lang='lat' dir='ltr'>bit</span> <span class='ocrx_word' id='word_1_153' title='bbox 268 1492 375 1538; x_wconf 84' lang='lat' dir='ltr'>haec,</span> <span class='ocrx_word' id='word_1_154' title='bbox 398 1505 483 1529; x_wconf 87' lang='lat' dir='ltr'>esse</span> <span class='ocrx_word' id='word_1_155' title='bbox 513 1491 716 1529; x_wconf 85' lang='lat' dir='ltr'>hominem</span> <span class='ocrx_word' id='word_1_156' title='bbox 747 1505 838 1529; x_wconf 89' lang='lat' dir='ltr'>cum</span> <span class='ocrx_word' id='word_1_157' title='bbox 860 1491 1062 1539; x_wconf 77' lang='lat' dir='ltr'>Antonio3</span> <span class='ocrx_word' id='word_1_158' title='bbox 1092 1492 1311 1530; x_wconf 85' lang='lat' dir='ltr'>Antonium</span> <span class='ocrx_word' id='word_1_159' title='bbox 1333 1506 1450 1542; x_wconf 91' lang='lat' dir='ltr'>porro</span> <span class='ocrx_word' id='word_1_160' title='bbox 1476 1494 1514 1532; x_wconf 92' lang='lat' dir='ltr'>in</span> 
     </span>
     <span class='ocr_line' id='line_1_21' title="bbox 124 1556 1514 1607; baseline 0.002 -13"><span class='ocrx_word' id='word_1_161' title='bbox 124 1571 162 1591; x_wconf 86' lang='lat'>20</span> <span class='ocrx_word' id='word_1_162' title='bbox 181 1557 369 1606; x_wconf 82' lang='lat' dir='ltr'>cogendis</span> <span class='ocrx_word' id='word_1_163' title='bbox 390 1557 567 1607; x_wconf 88' lang='lat' dir='ltr'>pecuniis</span> <span class='ocrx_word' id='word_1_164' title='bbox 589 1556 768 1595; x_wconf 85' lang='lat' dir='ltr'>dictitare</span> <span class='ocrx_word' id='word_1_165' title='bbox 789 1564 939 1606; x_wconf 91' lang='lat' dir='ltr'>partem</span> <span class='ocrx_word' id='word_1_166' title='bbox 962 1557 1058 1595; x_wconf 87' lang='lat' dir='ltr'>mihi</span> <span class='ocrx_word' id='word_1_167' title='bbox 1079 1557 1213 1607; x_wconf 84' lang='lat' dir='ltr'>quaeri</span> <span class='ocrx_word' id='word_1_168' title='bbox 1235 1565 1272 1596; x_wconf 85' lang='lat' dir='ltr'>et</span> <span class='ocrx_word' id='word_1_169' title='bbox 1299 1572 1322 1596; x_wconf 86' lang='lat' dir='ltr'>a</span> <span class='ocrx_word' id='word_1_170' title='bbox 1346 1572 1409 1597; x_wconf 88' lang='lat' dir='ltr'>me</span> <span class='ocrx_word' id='word_1_171' title='bbox 1431 1573 1514 1598; x_wconf 89' lang='lat' dir='ltr'>cus-</span> 
     </span>
     <span class='ocr_line' id='line_1_22' title="bbox 181 1622 1512 1672; baseline 0.002 -13"><span class='ocrx_word' id='word_1_172' title='bbox 181 1623 315 1660; x_wconf 87' lang='lat' dir='ltr'>todem</span> <span class='ocrx_word' id='word_1_173' title='bbox 354 1622 577 1660; x_wconf 88' lang='lat' dir='ltr'>communis</span> <span class='ocrx_word' id='word_1_174' title='bbox 617 1630 803 1672; x_wconf 82' lang='lat' dir='ltr'>quaestus</span> <span class='ocrx_word' id='word_1_175' title='bbox 838 1622 1021 1661; x_wconf 90' lang='lat' dir='ltr'>libertum</span> <span class='ocrx_word' id='word_1_176' title='bbox 1057 1636 1142 1661; x_wconf 87' lang='lat' dir='ltr'>esse</span> <span class='ocrx_word' id='word_1_177' title='bbox 1182 1623 1357 1662; x_wconf 82' lang='lat' dir='ltr'>missum.</span> <span class='ocrx_word' id='word_1_178' title='bbox 1419 1626 1512 1663; x_wconf 90' lang='lat' dir='ltr'>Non</span> 
     </span>
     <span class='ocr_line' id='line_1_23' title="bbox 180 1687 1511 1737; baseline 0.003 -13"><span class='ocrx_word' id='word_1_179' title='bbox 180 1701 266 1725; x_wconf 79' lang='lat' dir='ltr'>sum</span> <span class='ocrx_word' id='word_1_180' title='bbox 288 1687 537 1726; x_wconf 88' lang='lat' dir='ltr'>mediocriter</span> <span class='ocrx_word' id='word_1_181' title='bbox 557 1696 781 1726; x_wconf 84' lang='lat' dir='ltr'>commotus</span> <span class='ocrx_word' id='word_1_182' title='bbox 807 1701 937 1737; x_wconf 91' lang='lat' dir='ltr'>neque</span> <span class='ocrx_word' id='word_1_183' title='bbox 965 1695 1096 1725; x_wconf 89' lang='lat' dir='ltr'>tamen</span> <span class='ocrx_word' id='word_1_184' title='bbox 1129 1687 1290 1734; x_wconf 85' lang='lat' dir='ltr'>credidi,</span> <span class='ocrx_word' id='word_1_185' title='bbox 1309 1690 1379 1727; x_wconf 86' lang='lat' dir='ltr'>sed</span> <span class='ocrx_word' id='word_1_186' title='bbox 1407 1697 1511 1728; x_wconf 88' lang='lat' dir='ltr'>certe</span> 
     </span>
     <span class='ocr_line' id='line_1_24' title="bbox 177 1752 1511 1804; baseline 0.002 -14"><span class='ocrx_word' id='word_1_187' title='bbox 177 1752 327 1802; x_wconf 87' lang='lat' dir='ltr'>aliquid</span> <span class='ocrx_word' id='word_1_188' title='bbox 348 1753 539 1791; x_wconf 84' lang='lat' dir='ltr'>sermonis</span> <span class='ocrx_word' id='word_1_189' title='bbox 560 1754 642 1791; x_wconf 80' lang='lat' dir='ltr'>fuit.</span> <span class='ocrx_word' id='word_1_190' title='bbox 702 1755 851 1791; x_wconf 87' lang='lat' dir='ltr'>Totum</span> <span class='ocrx_word' id='word_1_191' title='bbox 880 1752 1079 1802; x_wconf 80' lang='lat' dir='ltr'>investiga,</span> <span class='ocrx_word' id='word_1_192' title='bbox 1103 1767 1310 1802; x_wconf 74' lang='lat' dir='ltr'>cognosce,</span> <span class='ocrx_word' id='word_1_193' title='bbox 1333 1755 1511 1804; x_wconf 83' lang='lat' dir='ltr'>perspice</span> 
     </span>
     <span class='ocr_line' id='line_1_25' title="bbox 178 1817 1510 1868; baseline 0.001 -12"><span class='ocrx_word' id='word_1_194' title='bbox 178 1826 215 1856; x_wconf 86' lang='lat' dir='ltr'>et</span> <span class='ocrx_word' id='word_1_195' title='bbox 255 1819 495 1857; x_wconf 70' lang='lat' dir='ltr'>nebulonem</span> <span class='ocrx_word' id='word_1_196' title='bbox 537 1818 658 1865; x_wconf 87' lang='lat' dir='ltr'>illum,</span> <span class='ocrx_word' id='word_1_197' title='bbox 695 1819 726 1856; x_wconf 85' lang='lat' dir='ltr'>si</span> <span class='ocrx_word' id='word_1_198' title='bbox 763 1832 842 1868; x_wconf 92' lang='lat' dir='ltr'>quo</span> <span class='ocrx_word' id='word_1_199' title='bbox 882 1817 998 1867; x_wconf 79' lang='lat' dir='ltr'>pacto</span> <span class='ocrx_word' id='word_1_200' title='bbox 1046 1826 1170 1867; x_wconf 86' lang='lat' dir='ltr'>potes,</span> <span class='ocrx_word' id='word_1_201' title='bbox 1206 1833 1253 1856; x_wconf 83' lang='lat' dir='ltr'>ex</span> <span class='ocrx_word' id='word_1_202' title='bbox 1292 1818 1374 1857; x_wconf 89' lang='lat' dir='ltr'>istis</span> <span class='ocrx_word' id='word_1_203' title='bbox 1413 1819 1510 1857; x_wconf 90' lang='lat' dir='ltr'>locis</span> 
     </span>
     <span class='ocr_line' id='line_1_26' title="bbox 120 1883 1509 1931; baseline 0.001 -9"><span class='ocrx_word' id='word_1_204' title='bbox 120 1901 157 1931; x_wconf 83' lang='lat'>²5</span> <span class='ocrx_word' id='word_1_205' title='bbox 178 1897 327 1922; x_wconf 86' lang='lat' dir='ltr'>amove.</span> <span class='ocrx_word' id='word_1_206' title='bbox 390 1884 522 1922; x_wconf 85' lang='lat' dir='ltr'>Huius</span> <span class='ocrx_word' id='word_1_207' title='bbox 552 1884 744 1922; x_wconf 82' lang='lat' dir='ltr'>sermonis</span> <span class='ocrx_word' id='word_1_208' title='bbox 765 1883 944 1921; x_wconf 85' lang='lat' dir='ltr'>Valerius</span> <span class='ocrx_word' id='word_1_209' title='bbox 974 1891 1175 1921; x_wconf 82' lang='lat' dir='ltr'>auctorem</span> <span class='ocrx_word' id='word_1_210' title='bbox 1207 1884 1279 1922; x_wconf 91' lang='lat' dir='ltr'>Cn.</span> <span class='ocrx_word' id='word_1_211' title='bbox 1305 1884 1509 1923; x_wconf 88' lang='lat' dir='ltr'>Plancium</span> 
     </span>
     <span class='ocr_line' id='line_1_27' title="bbox 178 1948 1506 1999; baseline 0.002 -14"><span class='ocrx_word' id='word_1_212' title='bbox 178 1948 418 1987; x_wconf 89' lang='lat' dir='ltr'>nominabat.</span> <span class='ocrx_word' id='word_1_213' title='bbox 455 1951 608 1987; x_wconf 86' lang='lat' dir='ltr'>Mando</span> <span class='ocrx_word' id='word_1_214' title='bbox 623 1949 693 1987; x_wconf 84' lang='lat' dir='ltr'>tibi</span> <span class='ocrx_word' id='word_1_215' title='bbox 707 1951 823 1999; x_wconf 88' lang='lat' dir='ltr'>plane</span> <span class='ocrx_word' id='word_1_216' title='bbox 838 1956 963 1987; x_wconf 86' lang='lat' dir='ltr'>totum</span> <span class='ocrx_word' id='word_1_217' title='bbox 986 1956 1027 1986; x_wconf 90' lang='lat' dir='ltr'>ut</span> <span class='ocrx_word' id='word_1_218' title='bbox 1049 1948 1182 1986; x_wconf 86' lang='lat' dir='ltr'>videas</span> <span class='ocrx_word' id='word_1_219' title='bbox 1196 1948 1307 1986; x_wconf 90' lang='lat' dir='ltr'>cuius</span> <span class='ocrx_word' id='word_1_220' title='bbox 1322 1949 1431 1987; x_wconf 88' lang='lat' dir='ltr'>modi</span> <span class='ocrx_word' id='word_1_221' title='bbox 1448 1949 1506 1987; x_wconf 91' lang='lat' dir='ltr'>sit.</span> 
     </span>
    </p>

    <p class='ocr_par' dir='ltr' id='par_1_5' title="bbox 114 2012 1552 2260">
     <span class='ocr_line' id='line_1_28' title="bbox 232 2012 1552 2064; baseline 0 -13"><span class='ocrx_word' id='word_1_222' title='bbox 232 2015 466 2064; x_wconf 88' lang='lat' dir='ltr'>Pompeium</span> <span class='ocrx_word' id='word_1_223' title='bbox 498 2015 613 2053; x_wconf 86' lang='lat' dir='ltr'>nobis</span> <span class='ocrx_word' id='word_1_224' title='bbox 643 2013 925 2052; x_wconf 87' lang='lat' dir='ltr'>amicissimum</span> <span class='ocrx_word' id='word_1_225' title='bbox 951 2021 1105 2051; x_wconf 79' lang='lat' dir='ltr'>constat</span> <span class='ocrx_word' id='word_1_226' title='bbox 1126 2026 1221 2051; x_wconf 84' lang='lat' dir='ltr'>esse.</span> <span class='ocrx_word' id='word_1_227' title='bbox 1284 2012 1506 2052; x_wconf 89' lang='lat' dir='ltr'>Divortium</span> <span class='ocrx_word' id='word_1_228' title='bbox 1528 2027 1552 2063; x_wconf 86' lang='lat'><strong>3</strong></span> 
     </span>
     <span class='ocr_line' id='line_1_29' title="bbox 177 2077 1507 2128; baseline 0.002 -14"><span class='ocrx_word' id='word_1_229' title='bbox 177 2078 335 2116; x_wconf 88' lang='lat' dir='ltr'>Muciae</span> <span class='ocrx_word' id='word_1_230' title='bbox 366 2081 619 2117; x_wconf 85' lang='lat' dir='ltr'>vehementer</span> <span class='ocrx_word' id='word_1_231' title='bbox 649 2080 846 2128; x_wconf 86' lang='lat' dir='ltr'>probatur.</span> <span class='ocrx_word' id='word_1_232' title='bbox 908 2080 949 2115; x_wconf 90' lang='lat' dir='ltr'>P.</span> <span class='ocrx_word' id='word_1_233' title='bbox 975 2077 1174 2123; x_wconf 88' lang='lat' dir='ltr'>Clodium,</span> <span class='ocrx_word' id='word_1_234' title='bbox 1196 2077 1302 2127; x_wconf 84' lang='lat' dir='ltr'>Appi</span> <span class='ocrx_word' id='word_1_235' title='bbox 1328 2079 1364 2124; x_wconf 90' lang='lat' dir='ltr'>f.‚</span> <span class='ocrx_word' id='word_1_236' title='bbox 1389 2080 1507 2117; x_wconf 87' lang='lat' dir='ltr'>credo</span> 
     </span>
     <span class='ocr_line' id='line_1_30' title="bbox 175 2144 1507 2194; baseline 0.002 -13"><span class='ocrx_word' id='word_1_237' title='bbox 175 2152 212 2182; x_wconf 92' lang='lat' dir='ltr'>te</span> <span class='ocrx_word' id='word_1_238' title='bbox 240 2145 398 2184; x_wconf 87' lang='lat' dir='ltr'>audisse</span> <span class='ocrx_word' id='word_1_239' title='bbox 427 2160 518 2184; x_wconf 89' lang='lat' dir='ltr'>cum</span> <span class='ocrx_word' id='word_1_240' title='bbox 540 2154 647 2183; x_wconf 83' lang='lat' dir='ltr'>veste</span> <span class='ocrx_word' id='word_1_241' title='bbox 673 2145 851 2183; x_wconf 89' lang='lat' dir='ltr'>muliebri</span> <span class='ocrx_word' id='word_1_242' title='bbox 880 2146 1170 2194; x_wconf 86' lang='lat' dir='ltr'>deprehensum</span> <span class='ocrx_word' id='word_1_243' title='bbox 1202 2144 1311 2182; x_wconf 89' lang='lat' dir='ltr'>domi</span> <span class='ocrx_word' id='word_1_244' title='bbox 1342 2146 1385 2183; x_wconf 89' lang='lat' dir='ltr'>C.</span> <span class='ocrx_word' id='word_1_245' title='bbox 1411 2146 1507 2184; x_wconf 86' lang='lat' dir='ltr'>Cae-</span> 
     </span>
     <span class='ocr_line' id='line_1_31' title="bbox 114 2210 1506 2260; baseline 0.001 -14"><span class='ocrx_word' id='word_1_246' title='bbox 114 2224 153 2254; x_wconf 77' lang='grc'>30</span> <span class='ocrx_word' id='word_1_247' title='bbox 173 2210 267 2248; x_wconf 86' lang='lat' dir='ltr'>saris</span> <span class='ocrx_word' id='word_1_248' title='bbox 297 2224 387 2248; x_wconf 89' lang='lat' dir='ltr'>cum</span> <span class='ocrx_word' id='word_1_249' title='bbox 422 2224 492 2260; x_wconf 90' lang='lat' dir='ltr'>pro</span> <span class='ocrx_word' id='word_1_250' title='bbox 522 2211 671 2260; x_wconf 89' lang='lat' dir='ltr'>populo</span> <span class='ocrx_word' id='word_1_251' title='bbox 703 2211 822 2256; x_wconf 86' lang='lat' dir='ltr'>fieret,</span> <span class='ocrx_word' id='word_1_252' title='bbox 856 2223 1027 2259; x_wconf 90' lang='lat' dir='ltr'>eumque</span> <span class='ocrx_word' id='word_1_253' title='bbox 1058 2223 1127 2259; x_wconf 91' lang='lat' dir='ltr'>per</span> <span class='ocrx_word' id='word_1_254' title='bbox 1161 2223 1301 2247; x_wconf 87' lang='lat' dir='ltr'>manus</span> <span class='ocrx_word' id='word_1_255' title='bbox 1331 2211 1506 2248; x_wconf 86' lang='lat' dir='ltr'>servulae</span> 
     </span>
    </p>
   </div>
   <div class='ocr_carea' id='block_1_4' title="bbox 172 2312 1506 2482">
    <p class='ocr_par' dir='ltr' id='par_1_6' title="bbox 172 2312 1506 2482">
     <span class='ocr_line' id='line_1_32' title="bbox 215 2312 1503 2353; baseline 0 -10"><span class='ocrx_word' id='word_1_256' title='bbox 215 2315 236 2343; x_wconf 90' lang='lat'><strong>6</strong></span> <span class='ocrx_word' id='word_1_257' title='bbox 261 2313 400 2343; x_wconf 86' lang='lat' dir='ltr'>minoris</span> <span class='ocrx_word' id='word_1_258' title='bbox 419 2313 539 2344; x_wconf 61' lang='grc' dir='ltr'>δέηται</span> <span class='ocrx_word' id='word_1_259' title='bbox 556 2313 658 2353; x_wconf 66' lang='lat' dir='ltr'>Epist.</span> <span class='ocrx_word' id='word_1_260' title='bbox 679 2314 747 2344; x_wconf 86' lang='lat'>118.</span> <span class='ocrx_word' id='word_1_261' title='bbox 768 2324 786 2343; x_wconf 85' lang='lat'>2</span> <span class='ocrx_word' id='word_1_262' title='bbox 962 2315 982 2343; x_wconf 88' lang='grc'>8</span> <span class='ocrx_word' id='word_1_263' title='bbox 1008 2313 1129 2343; x_wconf 82' lang='lat' dir='ltr'>mittito</span> <span class='ocrx_word' id='word_1_264' title='bbox 1152 2314 1230 2344; x_wconf 69' lang='lat' dir='ltr'>«om&#39;.</span> <span class='ocrx_word' id='word_1_265' title='bbox 1250 2312 1342 2349; x_wconf 70' lang='lat' dir='ltr'>Rcz‘d,</span> <span class='ocrx_word' id='word_1_266' title='bbox 1361 2314 1425 2344; x_wconf 82' lang='lat' dir='ltr'><em>coll.</em></span> <span class='ocrx_word' id='word_1_267' title='bbox 1450 2317 1464 2350; x_wconf 64' lang='grc' dir='ltr'>ξ</span> <span class='ocrx_word' id='word_1_268' title='bbox 1485 2325 1503 2343; x_wconf 84' lang='lat'>2</span> 
     </span>
     <span class='ocr_line' id='line_1_33' title="bbox 172 2356 1503 2397; baseline 0.001 -11"><span class='ocrx_word' id='word_1_269' title='bbox 172 2357 190 2386; x_wconf 91' lang='grc' dir='ltr'>Ι.</span> <span class='ocrx_word' id='word_1_270' title='bbox 209 2367 245 2386; x_wconf 84' lang='lat'>21</span> <span class='ocrx_word' id='word_1_271' title='bbox 394 2367 432 2395; x_wconf 85' lang='lat'>13</span> <span class='ocrx_word' id='word_1_272' title='bbox 457 2367 517 2396; x_wconf 78' lang='lat' dir='ltr'>per</span> <span class='ocrx_word' id='word_1_273' title='bbox 541 2368 606 2387; x_wconf 80' lang='lat'><em>0111.</em></span> <span class='ocrx_word' id='word_1_274' title='bbox 635 2356 684 2386; x_wconf 71' lang='lat' dir='ltr'>Ml</span> <span class='ocrx_word' id='word_1_275' title='bbox 833 2367 870 2396; x_wconf 86' lang='lat'>15</span> <span class='ocrx_word' id='word_1_276' title='bbox 894 2358 1023 2387; x_wconf 81' lang='lat' dir='ltr'>accedit</span> <span class='ocrx_word' id='word_1_277' title='bbox 1050 2357 1126 2387; x_wconf 79' lang='lat' dir='ltr'><em>Otto</em></span> <span class='ocrx_word' id='word_1_278' title='bbox 1270 2367 1312 2395; x_wconf 83' lang='lat'>30</span> <span class='ocrx_word' id='word_1_279' title='bbox 1337 2367 1411 2387; x_wconf 90' lang='lat' dir='ltr'>curn</span> <span class='ocrx_word' id='word_1_280' title='bbox 1441 2368 1503 2397; x_wconf 87' lang='lat' dir='ltr'>pro</span> 
     </span>
     <span class='ocr_line' id='line_1_34' title="bbox 175 2400 1506 2440; baseline 0.002 -11"><span class='ocrx_word' id='word_1_281' title='bbox 175 2400 263 2433; x_wconf 66' lang='lat' dir='ltr'>Vz‘ct..</span> <span class='ocrx_word' id='word_1_282' title='bbox 279 2400 343 2430; x_wconf 77' lang='lat' dir='ltr'>coll.</span> <span class='ocrx_word' id='word_1_283' title='bbox 363 2411 409 2438; x_wconf 85' lang='lat'>13.</span> <span class='ocrx_word' id='word_1_284' title='bbox 425 2411 463 2438; x_wconf 83' lang='lat'>3:</span> <span class='ocrx_word' id='word_1_285' title='bbox 488 2411 561 2430; x_wconf 89' lang='lat' dir='ltr'>cum</span> <span class='ocrx_word' id='word_1_286' title='bbox 579 2400 777 2431; x_wconf 85' lang='lat' dir='ltr'>sacrificium</span> <span class='ocrx_word' id='word_1_287' title='bbox 793 2411 854 2440; x_wconf 85' lang='lat' dir='ltr'>pro</span> <span class='ocrx_word' id='word_1_288' title='bbox 869 2400 938 2431; x_wconf 91' lang='lat' dir='ltr'>MZ</span> <span class='ocrx_word' id='word_1_289' title='bbox 1013 2400 1166 2431; x_wconf 81' lang='lat' dir='ltr'>servulae</span> <span class='ocrx_word' id='word_1_290' title='bbox 1180 2404 1266 2430; x_wconf 81' lang='lat' dir='ltr'>velt.:</span> <span class='ocrx_word' id='word_1_291' title='bbox 1294 2400 1439 2439; x_wconf 86' lang='lat' dir='ltr'>Seprule</span> <span class='ocrx_word' id='word_1_292' title='bbox 1457 2402 1506 2431; x_wconf 81' lang='lat' dir='ltr'>vel</span> 
     </span>
     <span class='ocr_line' id='line_1_35' title="bbox 173 2443 454 2482; baseline 0.004 -9"><span class='ocrx_word' id='word_1_293' title='bbox 173 2443 348 2482; x_wconf 76' lang='lat' dir='ltr'>Seprullae</span> <span class='ocrx_word' id='word_1_294' title='bbox 365 2443 454 2474; x_wconf 83' lang='lat' dir='ltr'>codd.</span> 
     </span>
    </p>
   </div>
  </div>
 </body>
</html>
