1773 2651
552 196 662 232 EPP.
696 196 773 231 AD
804 195 1062 232 ATTICVM
1402 193 1519 229 VIII.
1538 191 1583 227 ix

241 319 279 343 vi
313 308 400 344 Kal.
430 306 579 356 vesperi
616 306 761 344 Balbus
797 305 924 343 minor
957 307 1007 344 ad
1039 319 1102 343 me
1132 305 1237 344 venit
1272 306 1425 344 occulta
1453 304 1559 351 via4

184 383 342 408 currens
368 372 418 409 ad
445 372 655 408 Lentulum
684 371 887 408 consulem
915 370 1033 408 missu
1057 369 1233 409 Caesaris
1255 384 1344 408 cum
1367 370 1512 417 litteris,

183 447 273 471 cum
315 434 522 482 mandatis,
554 448 644 472 cum
684 434 943 484 promissione
982 435 1215 485 provinciae,
1259 437 1429 473 Romam
1473 442 1515 473 ut

185 499 327 536 redeat.
389 499 495 547 Quoi
525 498 749 549 persuaderi
777 512 892 549 posse
922 513 1002 537 non
1033 499 1207 546 arbitror,
1231 499 1304 537 nisi
1332 499 1401 538 erit
1426 513 1516 538 con-

148 576 166 608 5
184 572 333 601 ventus,
395 565 508 602 Idem
535 564 664 602 aiebat
690 564 785 601 nihil
817 566 932 602 malle
961 566 1169 604 Caesarem
1194 578 1311 615 quam
1340 572 1382 602 ut
1404 567 1517 603 Pom-

184 628 317 678 peium
347 629 628 678 adsequeretur
662 628 719 678 (id
752 628 888 679 credo)
924 637 961 667 et
994 629 1135 667 rediret
1165 629 1204 667 in
1234 629 1406 679 gratiam.
1467 630 1515 668 Id

183 706 263 730 non
291 694 410 731 credo
438 701 475 731 et
503 702 636 731 metuo
664 707 713 731 ne
740 693 868 731 omnis
897 695 993 732 haec
1021 694 1229 732 clementia
1248 695 1298 732 ad
1321 694 1513 734 Cinneam

183 757 289 795 illam
311 758 581 796 crudelitatem
603 759 830 808 conligatur.
885 760 1031 797 Balbus
1053 759 1213 809 quidem
1235 759 1357 798 maior
1376 761 1425 798 ad
1452 774 1513 798 me

183 822 314 860 scribit
345 822 440 860 nihil
472 824 587 861 malle
618 824 826 862 Caesarem
857 837 976 872 quam
1007 823 1182 874 principe
1210 824 1399 874 Pompeio
1429 824 1513 863 sine

124 901 164 923 10
183 895 289 924 metu
312 887 448 925 vivere.
509 890 583 934 Tu,
602 896 709 938 puto,
729 890 825 926 haec
847 888 983 926 credis
1044 890 1121 927 Sed
1143 902 1233 926 cum
1256 891 1352 927 haec
1373 889 1513 928 scribe-

182 952 272 989 bam
296 964 318 988 v
342 954 524 999 Kalend,
550 953 762 1002 Pompeius
788 953 863 991 iam
888 953 1141 992 Brundisium
1163 954 1315 992 venisse
1336 962 1513 1004 poterat3

182 1016 387 1066 expeditus
419 1018 524 1055 enim
554 1025 815 1056 antecesserat
845 1018 1017 1068 legiones
1048 1030 1091 1055 XI
1112 1019 1164 1055 K.
1196 1018 1368 1057 Luceria.
1433 1020 1511 1057 Sed

182 1082 257 1119 hoc
277 1083 382 1131 τέρας
403 1082 576 1120 horribili
593 1082 803 1132 vigilantia,
820 1082 1029 1131 celeritate,
1045 1082 1247 1133 diligentia
1267 1090 1335 1122 est.
1391 1085 1512 1122 Plane

180 1145 275 1195 quid
297 1147 468 1184 futurum
490 1147 537 1184 sit
558 1147 702 1185 nescio.

222 1297 264 1331 X
461 1302 531 1334 δυ’.
551 1304 585 1333 in
602 1303 782 1334 Formiano
796 1303 829 1334 iv
844 1304 887 1334 K.
906 1303 1006 1335 Mart.
1025 1314 1055 1335 a.
1076 1313 1130 1342 705
1148 1303 1232 1345 (49).

591 1391 765 1422 CICERO
798 1391 970 1423 ATTICO
1003 1391 1101 1423 SAL.

237 1479 449 1529 Dionysius
476 1494 567 1519 cum
594 1482 643 1519 ad
673 1495 735 1519 me
756 1489 907 1531 praeter
927 1481 1155 1531 opinionem
1178 1495 1306 1520 meam
1327 1482 1509 1530 venisset,

180 1546 334 1583 locutus
359 1559 445 1583 sum
467 1560 557 1583 cum
588 1560 635 1584 eo
664 1546 957 1593 liberalissime3
987 1553 1163 1596 tempora
1183 1546 1358 1596 exposui,
1379 1547 1509 1597 rogavi

180 1618 222 1647 ut
246 1610 393 1648 diceret
420 1610 515 1660 quid
543 1612 703 1649 haberet
730 1610 769 1648 in
795 1610 955 1657 animo3
984 1624 1047 1648 me
1074 1610 1170 1648 nihil
1197 1612 1246 1650 ab
1274 1611 1360 1661 ipso
1387 1611 1509 1651 invito

123 1691 162 1712 20
179 1676 430 1714 contendere.
491 1676 713 1725 Respondit
735 1690 775 1714 se
797 1677 904 1725 quod
926 1675 964 1713 in
987 1675 1157 1714 nummis
1178 1677 1339 1715 haberet
1360 1677 1509 1716 nescire

179 1754 259 1790 quo
291 1740 365 1777 loci
398 1748 523 1783 esset3
562 1740 657 1778 alios
692 1754 772 1777 non
804 1742 963 1786 solvere,
995 1739 1159 1778 aliorum
1191 1740 1297 1779 diem
1329 1743 1508 1780 nondum

180 1819 275 1843 esse.
340 1805 446 1843 Dixit
481 1805 598 1843 etiam
632 1805 708 1843 alia
739 1807 934 1854 quaedam
967 1806 1017 1843 de
1052 1805 1212 1844 servulis
1246 1805 1325 1844 suis
1357 1820 1435 1856 qua
1469 1822 1508 1846 re

180 1871 387 1907 nobiscum
416 1883 500 1907 esse
528 1883 608 1907 non
635 1877 778 1919 posset.
840 1871 994 1908 Morem
1021 1870 1147 1920 gessi3
1176 1870 1306 1909 dimisi
1333 1886 1356 1910 a
1379 1886 1441 1911 me
1466 1880 1508 1910 ut

180 1934 406 1983 magistrum
435 1934 672 1973 Ciceronum
705 1948 784 1971 non
815 1934 989 1981 libenter,
1014 1943 1055 1972 ut
1082 1935 1284 1974 hominem
1314 1936 1508 1987 ingratum

121 2011 158 2043 ²5
180 2012 260 2036 non
287 1999 441 2036 invitus.
501 1998 620 2036 Volui
642 2006 679 2037 te
706 1998 803 2037 scire
832 2007 870 2038 et
895 1999 990 2049 quid
1015 2013 1087 2050 ego
1108 2001 1159 2038 de
1179 2000 1261 2039 eius
1289 2003 1392 2040 facto
1412 2002 1508 2041 iudi-

179 2077 318 2101 casem.

227 2190 252 2213 1,
274 2190 293 2209 2
318 2179 448 2210 occulta
465 2179 517 2209 via
536 2189 674 2210 currens
699 2180 809 2210 Mam:
834 2180 1016 2211 occultavit
1035 2191 1216 2214 occurrens
1237 2182 1279 2213 M
1388 2193 1404 2222 7
1429 2184 1506 2215 Cin-

181 2233 277 2253 neam
302 2224 416 2262 scrz'psz‘
433 2224 500 2253 coll.
522 2224 621 2254 Fam.
644 2224 663 2254 i.
683 2234 712 2262 9.
738 2234 770 2253 11
789 2235 794 2253 :
822 2235 920 2254 unam
948 2224 1058 2256 codd.:
1078 2225 1252 2256 Sullanam
1272 2226 1392 2257 Orelli:
1427 2228 1506 2258 Cin-

180 2276 301 2295 nanam
328 2267 413 2295 Boot
524 2276 561 2296 10
585 2268 668 2296 haec
696 2267 768 2296 M²z
795 2272 827 2297 et
845 2266 919 2298 Ml:
944 2269 1006 2298 hoc
1028 2267 1215 2309 ll'esenberg
1326 2281 1363 2299 12
1390 2270 1420 2300 K
1447 2271 1506 2301 ad-

179 2309 275 2339 dvnd.
293 2310 363 2338 cons
393 2308 494 2337 Orelli
655 2320 696 2348 25
721 2310 834 2350 Volui]
849 2311 929 2350 fort,
953 2311 1051 2341 Volui
1081 2312 1113 2341 id
1251 2317 1284 2342 et
1309 2314 1388 2352 quid
1415 2313 1503 2346 codd.

185 2352 320 2392 sywell:
345 2363 408 2381 om.
428 2356 461 2382 et
477 2353 565 2393 vulg.
