1773 2651
584 160 696 197 EPP.
730 160 806 197 AD
837 160 1097 198 ATTICVM
1427 161 1520 198 VII.
1540 160 1616 197 viii

178 270 371 307 πολιτικὸν
408 271 558 320 σκέμμα
596 277 799 308 rectumne
837 269 885 307 sit
920 270 1043 308 nobili
1082 270 1325 309 adulescenti
1361 279 1511 309 mutare

179 347 326 372 nomen
348 334 519 372 mulieris
541 342 786 372 testamento.
835 336 913 373 Sed
930 334 969 373 id
992 337 1300 385 φιλοσοφώτερον
1321 336 1512 385 διευκρινή-

180 416 306 448 σομεν,
330 412 420 437 cum
442 399 611 438 sciemus
632 407 823 449 quantum
847 399 957 449 quasi
980 400 1027 438 sit
1048 400 1087 438 in
1110 400 1257 439 trientis
1280 400 1428 439 triente.

235 465 356 512 Quod
377 464 521 514 putasti
544 466 624 503 fore
645 472 686 501 ut
707 472 797 502 ante
819 478 936 513 quam
960 464 1058 502 istuc
1080 465 1251 503 venirem
1276 465 1508 515 Pompeium
1529 472 1556 509 4

143 547 159 578 5
180 528 363 575 viderem,
397 530 542 567 factum
578 537 635 567 est
668 529 744 576 ita‚·
787 543 878 566 nam
912 541 950 566 vl
988 531 1073 567 Kal.
1108 531 1157 567 ad
1190 530 1423 568 Lavernium
1456 544 1511 567 me

180 602 416 632 consecutus
446 603 513 633 est.
575 597 663 632 Vna
695 594 870 632 Formias
900 595 1079 633 venimus
1109 603 1145 633 et
1175 596 1225 633 ab
1251 597 1346 633 hora
1373 604 1510 634 octava

179 661 229 697 ad
250 673 456 709 vesperum
479 668 628 698 secreto
644 660 843 698 conlocuti
866 674 1011 698 sumus
1055 661 1175 709 Quod
1193 660 1345 710 quaeris
1362 674 1510 710 ecquae

179 738 268 774 spes
289 725 572 774 pacificationis
593 725 650 771 sit,
668 733 858 774 quantum
881 739 926 763 ex
945 725 1108 775 Pompei
1131 727 1254 763 multo
1271 734 1307 763 et
1327 733 1511 764 accurato

180 803 360 827 sermone
400 789 586 839 perspexi,
629 803 677 827 ne
717 791 896 827 voluntas
942 790 1102 839 quidem
1149 799 1217 828 est.
1296 790 1359 828 Sic
1404 791 1509 828 enim

123 871 160 892 10
180 854 383 901 existimat,
426 855 456 892 si
496 855 559 892 ille
597 856 657 893 vel
696 855 859 893 dimisso
898 855 1067 893 exercitu
1107 857 1244 894 consul
1288 857 1411 893 factus
1450 855 1508 901 sit,

180 922 366 972 σύγχυσιν
398 923 463 969 τῆς
492 921 680 960 πολιτείας
711 922 803 967 fore,
835 929 952 970 atque
984 920 1101 958 etiam
1142 928 1251 970 putat
1285 934 1385 968 eum,
1420 934 1510 959 cum

179 985 345 1023 audierit
377 993 513 1023 contra
543 999 584 1023 se
614 985 819 1035 diligenter
849 985 983 1035 parari,
1016 987 1264 1023 consulatum
1296 987 1372 1024 hoc
1406 999 1511 1023 anno

181 1052 449 1100 neglecturum
470 1064 516 1088 ac
537 1050 668 1100 potius
688 1050 900 1089 exercitum
918 1050 1240 1100 provinciamque
1257 1058 1508 1089 retenturum.

182 1115 249 1153 Sin
280 1123 412 1153 autem
444 1115 507 1153 ille
535 1117 689 1162 fureret,
715 1117 968 1153 vehementer
998 1115 1200 1153 hominem
1231 1116 1512 1154 contemnebat

125 1195 159 1225 15
181 1188 218 1218 et
250 1180 328 1218 suis
361 1188 397 1218 et
433 1180 485 1218 rei
520 1179 702 1230 publicae
736 1179 860 1230 copiis
895 1181 1131 1219 confidebat.
1192 1180 1300 1228 Quid
1330 1180 1512 1230 quaeris?

181 1245 251 1283 etsi
275 1245 369 1282 mihi
397 1246 534 1283 crebro
558 1246 684 1291 ίξυνὸς
703 1245 915 1285 Ἐνυάλιος’
939 1245 1182 1292 occurrebat,
1203 1252 1335 1283 tamen
1356 1245 1512 1283 levabar

181 1324 273 1348 cura
294 1310 417 1348 virum
440 1312 579 1348 fortem
600 1318 638 1348 et
659 1310 825 1360 peritum
847 1318 885 1348 et
906 1309 1116 1360 plurimum
1138 1309 1368 1348 auctoritate
1384 1311 1512 1347 valen-

182 1384 259 1413 tem
299 1375 464 1413 audiens
504 1379 699 1416 πολιτικῶς
737 1376 786 1413 de
825 1374 931 1424 pacis
971 1374 1174 1413 simulatae
1217 1374 1399 1424 periculis
1437 1374 1512 1412 dis-

181 1448 385 1478 serentem.
431 1441 691 1479 Habebamus
707 1448 838 1478 autem
861 1440 899 1477 in
918 1440 1099 1478 manibus
1117 1439 1266 1477 Antoni
1283 1439 1509 1478 contionem
1530 1450 1554 1488 5

124 1521 162 1542 20
181 1506 355 1543 habitam
396 1518 423 1542 x
465 1507 552 1544 Kal.
595 1507 761 1551 Ianuar.‚
796 1504 835 1542 in
875 1518 952 1554 qua
990 1512 1070 1542 erat
1108 1503 1307 1542 accusatio
1346 1503 1511 1553 Pompei

181 1582 305 1618 usque
336 1582 359 1606 a
388 1577 478 1618 toga
507 1583 614 1619 pura,
645 1570 803 1618 querela
833 1569 883 1606 de
917 1567 1122 1614 damnatis,
1155 1575 1275 1606 terror
1300 1580 1508 1605 armorum.

184 1636 229 1671 In
261 1634 403 1684 quibus
434 1634 497 1672 ille
530 1634 660 1683 ‘Quid
690 1635 848 1672 censes’
868 1633 997 1671 aiebat
1022 1634 1234 1670 ‘facturum
1260 1646 1344 1670 esse
1369 1631 1508 1681 ipsum,

182 1699 211 1736 si
234 1699 272 1736 in
303 1699 593 1749 possessionem
626 1699 679 1737 rei
701 1699 882 1749 publicae
903 1697 1061 1743 venerit,
1086 1711 1175 1735 cum
1204 1698 1301 1735 haec
1328 1704 1511 1746 quaestor

182 1763 264 1801 eius
294 1764 471 1801 infirmus
496 1773 533 1802 et
564 1764 677 1814 inops
707 1765 849 1801 audeat
877 1762 1056 1801 dicere?’
1115 1761 1224 1810 Quid
1250 1763 1401 1799 multa?
1430 1774 1510 1799 non

125 1846 160 1875 25
183 1830 303 1867 modo
342 1843 421 1867 non
454 1837 633 1879 expetere
667 1843 805 1879 pacem
841 1828 953 1866 istam
987 1828 1056 1865 sed
1087 1827 1204 1865 etiam
1240 1826 1375 1864 timere
1407 1826 1511 1864 visus

181 1901 248 1931 est.
311 1896 368 1931 Ex
396 1894 459 1932 illa
483 1902 614 1932 autem
641 1894 835 1932 sententia
856 1897 914 1933 †i†
936 1892 1217 1941 relinquendae
1247 1891 1353 1929 urbis
1379 1898 1510 1929 movet

182 1958 395 2004 hominem,
428 1967 469 1996 ut
501 1966 608 2008 puto.
670 1958 770 1996 Mihi
800 1966 931 1996 autem
964 1957 1058 1995 illud
1090 1955 1409 1994 molestissimum
1440 1963 1510 2002 est,

181 2024 289 2072 quod
307 2023 483 2061 solvendi
500 2031 590 2060 sunt
607 2023 759 2061 nummi
774 2022 930 2061 Caesari
948 2030 985 2059 et
1002 2022 1305 2059 instrumentum
1323 2020 1510 2069 triumphi

181 2101 228 2125 eo
250 2089 543 2126 conferendum.
603 2090 672 2125 Est
693 2087 797 2125 enim
821 2089 991 2136 ἄμορφον
1012 2086 1377 2136 ἀντιπολιτευομένου
1396 2103 1510 2137 χρεω-

124 2167 163 2197 30
182 2154 357 2202 φειλέτην
377 2166 470 2190 esse.
531 2153 608 2190 Sed
631 2153 726 2190 haec
748 2160 785 2190 et
808 2153 928 2190 multa
949 2151 1023 2189 alia
1045 2165 1186 2189 coram.

225 2266 244 2295 5
271 2255 491 2292 Lavernium]
516 2256 624 2286 lacum
649 2255 822 2285 Avernum
849 2255 926 2286 coni.
954 2254 1122 2284 Turnebus
1137 2254 1257 2284 Rosius
1356 2264 1409 2283 me
1433 2253 1508 2285 add.

182 2301 269 2339 vulg.
417 2301 458 2329 26
480 2300 495 2330 “1¹
520 2298 576 2328 M:
603 2300 658 2335 ita,
676 2299 743 2331 viv,
762 2299 820 2337 nis,
839 2298 928 2328 infra
953 2298 1035 2328 dant
1058 2299 1117 2327 alii
1140 2297 1273 2328 codices:
1312 2297 1360 2327 ira
1385 2297 1485 2328 Rom.
1505 2309 1512 2328 ε

181 2354 244 2373 om.
266 2343 302 2372 I:
329 2342 394 2372 ἰδέα
417 2341 575 2379 Schmidt,
603 2342 684 2376 bene,
711 2342 748 2381 cf
767 2353 810 2372 ne
822 2348 885 2383 pro
902 2342 1014 2380 negoti
1033 2341 1066 2371 in
1084 2341 1125 2370 M
1138 2341 1185 2370 ad
1199 2342 1252 2371 vii.
1276 2350 1321 2370 11.
1343 2351 1361 2379 5
1380 2353 1385 2371 :
1410 2351 1510 2371 causa

180 2386 301 2417 Klotz:
340 2386 522 2424 indignitas
553 2386 630 2416 coni.
656 2385 850 2425 lVesenberg.
923 2385 1041 2415 Tolum
1070 2385 1177 2414 locum
1206 2385 1251 2415 ita
1276 2385 1382 2414 scrt‘bzt
1407 2384 1509 2415 Panl-

181 2431 323 2467 agatlms
340 2440 412 2459 mea
430 2434 542 2459 autem
561 2430 729 2459 sententia
747 2439 813 2459 non
834 2429 1083 2467 relinquendae,
1101 2427 1247 2466 idemque
1264 2428 1402 2466 Ernesti,
1413 2426 1470 2457 sed
1483 2428 1511 2458 is

182 2473 237 2503 illa
249 2478 311 2513 pro
328 2483 402 2503 mea
535 2483 575 2510 27
601 2478 694 2511 puto,
715 2474 869 2503 maxime.
922 2471 1002 2501 Mihi
1027 2472 1104 2502 coni.
1129 2470 1315 2510 Wesenlmg
