1773 2651
639 186 750 223 EPP.
782 187 859 222 AD
890 186 1150 224 ATTICVM
1464 186 1582 223 VIII.
1606 186 1687 226 viii.

231 305 494 348 compegerat,
522 297 602 336 ibat
636 296 674 334 in
710 296 926 342 Graeciam,
964 297 1092 335 omnis
1127 310 1199 335 nos
1233 298 1557 346 ἀπροσφωνήτους,

230 363 397 413 expertis
427 363 487 401 sui
514 362 624 410 tanti,
651 370 730 400 tam
763 362 935 400 inusitati
967 361 1106 400 consili
1140 362 1395 412 relinquebat.
1456 364 1560 401 Ecce
1582 373 1606 399 2

230 428 362 467 subito
383 428 532 467 litterae
550 427 701 466 Domiti
721 428 772 466 ad
794 427 914 472 illum,
931 426 1051 476 ipsius
1071 428 1122 465 ad
1143 428 1335 465 consules.
1391 427 1561 465 Fulsisse

230 494 326 532 mihi
346 493 553 532 videbatur
575 494 617 532 τὸ
643 493 757 531 καλὸν
775 493 826 531 ad
846 493 982 530 oculos
1003 491 1086 530 eius
1107 499 1145 530 et
1165 493 1403 531 exclamasse
1423 491 1487 531 ille
1507 491 1563 530 vir

193 576 210 607 5
230 559 297 610 qui
319 573 404 599 esse
424 558 572 605 debuit,

474 625 575 673 Πρὸς
603 622 704 662 ταῦθ’
734 623 754 662 ὅ
782 641 816 662 τι
844 623 917 674 χρὴ
939 622 998 661 καὶ
1016 623 1276 672 παλαμάσθων

473 689 532 727 καὶ
560 688 665 728 πάντ’
694 687 750 726 ἐπ’
778 689 860 738 ἐμοὶ
887 688 1164 726 τεκταινέσθων·

472 756 514 793 τὸ
534 757 606 807 γὰρ
626 755 664 794 εὖ
683 755 763 804 μετ’
784 757 882 803 ἐμοῦ.

231 821 284 858 At
304 819 368 858 ille
389 819 459 858 tibi
479 822 606 858 πολλὰ
628 821 769 871 χαίρειν
788 823 839 870 τῷ
864 822 966 869 καλῷ
991 819 1127 858 diCenS
1148 818 1272 870 pergit
1295 818 1560 857 Brundisium.

177 901 215 923 10
232 885 455 923 Domitium
482 893 614 924 autem
644 885 753 924 aiunt
781 899 820 924 re
849 885 983 924 audita
1009 893 1046 923 et
1071 898 1138 923 eos
1167 884 1233 934 qui
1261 898 1339 922 una
1366 891 1495 922 essent
1523 897 1564 922 se

231 951 447 989 tradidisse.
499 952 535 990 O
552 964 632 989 rem
654 951 859 1000 lugubrem
877 954 883 988 1
916 952 1055 999 Itaque
1076 950 1315 988 intercludor
1331 950 1466 988 dolore
1483 962 1563 999 quo

230 1017 357 1054 minus
376 1018 427 1055 ad
449 1024 486 1055 te
507 1018 617 1067 plura
637 1016 816 1054 scribam.
875 1017 982 1053 Tuas
1004 1015 1149 1053 litteras
1171 1022 1364 1064 exspecto.

273 1126 340 1162 IX
515 1129 583 1160 Ser.
603 1130 636 1159 in
654 1129 833 1160 Formiano
850 1140 869 1159 v
885 1129 929 1159 K.
948 1128 1046 1159 Man.
1067 1139 1096 1159 α.
1120 1138 1173 1167 705
1193 1128 1276 1168 (49).

641 1204 811 1235 CICERO
834 1204 1017 1235 ATTICO
1038 1203 1144 1234 SAL.

173 1297 209 1328 15
286 1283 506 1332 Epistulam
532 1295 661 1320 meam
687 1283 794 1331 quod
817 1282 1081 1330 pervulgatam
1107 1279 1242 1318 scribis
1268 1293 1352 1318 esse
1378 1293 1457 1317 non
1479 1281 1561 1319 fero

230 1349 405 1393 moleste,
441 1347 536 1396 quin
570 1346 688 1384 etiam
725 1345 807 1395 ipse
840 1345 971 1382 multis
1003 1344 1096 1383 dedi
1130 1344 1442 1383 describendam.
1503 1347 1561 1383 Ea

229 1412 334 1450 enim
375 1420 412 1450 et
445 1411 673 1449 acciderunt
713 1410 789 1448 iam
830 1418 867 1448 et
902 1410 1142 1459 impendent,
1176 1417 1217 1447 ut
1256 1416 1440 1447 testatum
1476 1423 1560 1448 esse

228 1477 346 1515 velim
367 1478 418 1514 de
438 1490 535 1526 pace
556 1475 652 1525 quid
673 1474 871 1513 senserim.
933 1475 1035 1513 Cum
1056 1482 1187 1512 autem
1208 1475 1259 1511 ad
1280 1487 1366 1511 eam
1388 1475 1560 1512 hortarer

229 1555 320 1580 eum
350 1540 576 1591 praesertim
607 1539 821 1586 hominem,
851 1552 931 1576 non
961 1539 1121 1576 videbar
1150 1539 1230 1576 ullo
1260 1540 1381 1576 modo
1411 1539 1561 1577 facilius

171 1623 211 1644 20
231 1614 407 1645 moturus
442 1619 560 1656 quam
600 1605 631 1643 si
670 1605 710 1643 id
745 1606 853 1654 quod
893 1618 983 1642 eum
1024 1605 1196 1642 hortarer
1235 1603 1444 1642 convenire
1478 1604 1561 1642 eius

228 1671 443 1721 sapientiae
473 1671 657 1710 dicerem.
716 1672 814 1707 Eam
836 1669 867 1707 si
892 1668 1204 1707 ‘admirabilem'
1226 1668 1304 1706 dixi
1321 1682 1442 1718 quom
1470 1683 1559 1707 eum

227 1739 279 1775 ad
313 1738 478 1774 salutem
510 1735 656 1785 patriae
693 1735 886 1781 hortabar,
920 1747 1008 1775 non¹
1032 1747 1118 1771 sum
1150 1733 1293 1771 veritus
1328 1747 1376 1771 ne
1411 1733 1560 1772 viderer

227 1801 424 1841 adsentari
454 1800 548 1850 quoi
575 1800 641 1838 tali
668 1799 708 1837 in
738 1813 777 1837 re
805 1799 971 1837 libenter
997 1812 1060 1836 me
1086 1800 1137 1836 ad
1166 1799 1287 1848 pedes
1314 1798 1555 1837 abiecissem.

229 1869 321 1915 Qua
339 1874 471 1905 autern
492 1873 551 1903 est
574 1868 582 1884 ‘
597 1864 745 1914 aliquid
768 1863 964 1913 impertias
981 1862 1192 1913 temporiS‚⁷
1213 1877 1292 1901 non
1314 1871 1371 1901 est
1392 1864 1441 1901 de
1463 1877 1559 1912 pace

171 1947 208 1978 25
229 1933 299 1970 sed
326 1933 376 1970 de
404 1945 467 1969 me
494 1930 579 1980 ipso
606 1937 644 1968 et
665 1931 715 1968 de
742 1943 832 1967 meo
859 1928 988 1967 officio
1009 1936 1051 1966 ut
1070 1927 1219 1978 aliquid
1240 1928 1394 1978 cogitet.
1455 1930 1557 1965 Nam

228 1999 336 2047 quod
354 1997 539 2036 testificor
560 2010 622 2034 me
643 2003 840 2045 expertem
858 1994 949 2033 belli
966 1994 1098 2041 fuisse,
1111 1994 1182 2032 etsi
1199 1994 1238 2032 id
1256 2008 1294 2032 re
1311 2002 1558 2043 perspectum

227 2070 296 2109 est,
313 2070 444 2100 tamen
465 2075 513 2099 eo
534 2060 668 2110 scripsi
685 2073 765 2109 quo
786 2059 824 2097 in
847 2060 1054 2097 suadendo
1075 2060 1162 2108 plus
1182 2058 1423 2097 auctoritatis
1444 2059 1559 2097 habe-

228 2141 308 2165 rem
326 2142 334 2173 3
363 2127 586 2174 eodemque
607 2124 773 2174 pertinet
794 2125 903 2173 quod
925 2137 1082 2161 causam
1105 2123 1188 2162 eius
1209 2124 1344 2173 probo.

281 2192 360 2229 Sed
387 2190 483 2240 quid
513 2191 610 2228 haec
638 2191 773 2226 nunc?
820 2188 980 2226 Vtinam
1007 2188 1156 2237 aliquid
1186 2189 1404 2237 profectum
1433 2190 1558 2226 esset!

170 2270 208 2300 30
228 2257 291 2294 Ne
311 2269 384 2305 ego
405 2255 496 2292 istas
517 2254 661 2292 litteras
682 2253 720 2290 in
742 2253 927 2290 contione
949 2252 1098 2290 recitari
1115 2252 1241 2298 velim,
1261 2253 1290 2289 si
1312 2252 1471 2302 quidem
1493 2252 1556 2291 ille

273 2371 289 2399 7
316 2360 375 2390 πᾶν
399 2359 516 2390 codices
540 2358 776 2398 Arisloplzam's
800 2357 883 2387 Aclz.
911 2359 975 2387 660
1134 2366 1170 2386 12
1196 2357 1306 2386 minus
1331 2355 1406 2387 add.
1434 2356 1557 2387 Rosius

228 2414 264 2434 21
293 2414 389 2442 quom
407 2413 482 2433 eum
507 2403 618 2442 vulg:
644 2412 741 2440 quem
766 2401 819 2431 M¹
839 2413 845 2431 :
869 2412 935 2439 quo
952 2410 1026 2430 eum
1050 2399 1127 2429 ἦρε
1160 2401 1318 2438 quoniam
1347 2410 1421 2429 eum
1447 2400 1560 2430 Baiter

227 2458 267 2485 24
286 2447 360 2486 Qua
372 2447 437 2487 <i.e.
451 2458 516 2487 qua
529 2446 680 2486 ep1'stnlae
689 2448 793 2486 parlc‘i
809 2445 849 2474 M
863 2456 869 2474 :
894 2444 991 2483 Quod
1011 2442 1198 2483 lstenhetg
1264 2453 1307 2482 30
1320 2442 1371 2473 Ne
1383 2443 1402 2473 I
1416 2455 1422 2473 :
1447 2453 1509 2475 nec
1522 2443 1561 2474 M
