1773 2651
184 184 302 223 VIII.
322 185 401 222 xvi
698 188 811 225 EPP.
843 188 921 225 AD
952 188 1214 228 ATTICVM

288 310 351 335 me
371 296 487 346 igitur
514 297 545 335 is
567 297 680 336 ducit
708 299 778 336 sed
806 311 935 336 sermo
967 298 1175 336 hominum
1202 298 1271 348 qui
1296 299 1348 337 ad
1368 312 1432 338 me
1452 313 1477 337 a
1498 299 1626 338 Philo-

288 361 386 400 timo
407 362 598 400 scribitur.
660 364 699 400 Is
730 362 837 400 enim
868 376 931 400 me
959 364 1010 401 ab
1040 362 1298 413 optimatibus
1327 363 1380 402 ait
1406 363 1622 402 conscindi.

287 426 444 475 Quibus
474 426 744 476 optimatibus,
777 427 818 465 di
849 427 968 466 boni!
998 427 1067 477 qui
1097 441 1203 466 nunc
1232 441 1312 478 quo
1343 429 1464 466 modo
1493 441 1625 466 occur-

285 498 385 537 runt,
421 504 501 540 quo
536 493 658 530 modo
690 499 823 529 autem
858 505 899 530 se
928 491 1133 530 venditant
1163 492 1345 531 Caesari!
1404 492 1624 542 Municipia

285 569 377 593 vero
399 557 530 602 deum,
554 570 627 594 nec
658 556 858 603 simulant,
879 564 922 594 ut
943 570 1034 595 curn
1056 558 1106 595 de
1126 556 1194 596 illo
1219 564 1380 606 aegroto
1400 565 1492 595 vota
1510 557 1623 596 facie·
1642 571 1660 603 5

242 628 266 655 2
286 620 391 658 bant.
452 622 530 658 Sed
552 623 667 671 plane
697 621 888 671 quicquid
918 621 1009 659 mali
1040 621 1104 660 hic
1135 621 1356 660 Pisistratus
1388 635 1467 660 non
1488 621 1622 660 fecerit

285 695 365 722 tam
394 693 546 735 gratum
577 686 647 724 erit
677 699 796 736 quarn
827 686 859 724 si
889 686 1011 724 alium
1038 688 1165 725 facere
1189 686 1444 736 prohibuerit.
1503 688 1625 725 Hunc

284 749 497 799 propitium
527 758 695 800 sperant,
720 751 830 788 illum
860 750 1002 788 iratum
1033 758 1183 801 putant.
1245 752 1354 799 Quas
1380 750 1462 789 fieri
1483 764 1620 790 censes

282 816 506 864 ἀπαντήσεις
536 828 583 853 ex
609 815 778 865 oppidis,
812 829 912 865 quos
945 817 1142 854 honores!
1187 817 1417 854 ‘Metuunt'
1452 815 1616 865 inquies.

283 881 426 926 Credo,
456 881 526 918 sed
551 893 614 918 me
635 881 793 919 hercule
825 880 936 918 illum
965 880 1099 931 magis.
1160 880 1293 918 Huius
1324 880 1513 919 insidiosa
1545 881 1619 918 cle·
1640 895 1679 917 10

281 944 430 982 mentia
469 946 723 991 delectantur,
761 945 864 983 illius
899 945 1144 984 iracundiam
1176 945 1400 983 formidant.
1460 945 1618 984 Iudices

281 1010 331 1047 de
366 1021 497 1047 CCCLX
536 1009 603 1059 qui
643 1009 852 1060 praecipue
887 1011 1027 1048 Gnaeo
1062 1017 1196 1048 nostro
1231 1010 1538 1056 delectabantur,
1572 1023 1618 1048 ex

281 1073 425 1123 quibus
447 1074 593 1112 cotidie
614 1074 787 1124 aliquem
808 1074 935 1120 video,
960 1074 1094 1112 nescio
1115 1087 1212 1124 quas
1233 1074 1317 1112 eius
1334 1074 1518 1113 Lucerias
1532 1075 1617 1113 hor-

281 1146 376 1178 rent.
441 1140 580 1188 Itaque
610 1152 757 1188 quaero
784 1138 852 1188 qui
882 1138 959 1176 sint
984 1138 1045 1176 isti
1072 1138 1282 1189 optimates
1310 1138 1379 1188 qui
1403 1152 1466 1177 me
1493 1146 1616 1178 extur-

282 1203 376 1242 bent
397 1217 487 1241 cum
508 1203 582 1253 ipsi
603 1203 712 1242 domi
734 1211 930 1241 maneant.
990 1204 1069 1241 Sed
1086 1211 1234 1251 tamen,
1249 1203 1490 1254 quicumque
1509 1212 1611 1252 sunt,
1636 1218 1673 1252 15

283 1272 291 1288 ‘
305 1269 470 1318 αἰδέομαι
485 1269 631 1318 Τρῶας]
690 1267 774 1306 Etsi
791 1281 869 1318 qua
882 1281 950 1318 spe
967 1268 1191 1319 proficiscar
1203 1268 1320 1307 video
1335 1268 1614 1319 coniungoque

280 1347 343 1372 me
364 1347 454 1372 cum
476 1333 638 1371 homine
665 1333 787 1383 magis
817 1334 868 1371 ad
888 1334 1119 1372 vastandam
1148 1333 1303 1371 Italiam
1324 1346 1443 1383 quam
1464 1335 1516 1372 ad
1535 1333 1615 1372 vin-

279 1399 450 1437 cendum
490 1405 625 1447 parato
663 1397 953 1447 dominumque
986 1405 1181 1447 exspecto.
1245 1400 1295 1436 Et
1328 1397 1491 1447 quidem
1522 1411 1613 1436 curn

279 1464 376 1502 haec
397 1463 618 1501 scribebam
640 1475 703 1500 1111
727 1464 864 1500 Nonas
886 1462 963 1500 iam
985 1463 1261 1512 exspectabam
1281 1462 1432 1512 aliquid
1447 1476 1471 1501 a
1492 1465 1614 1501 Brun-

278 1528 389 1566 disio.
450 1528 559 1576 Quid
579 1535 713 1566 autem
733 1531 741 1547 ‘
756 1527 957 1577 aliquid’?
986 1541 1105 1577 quam
1133 1527 1226 1566 inde
1250 1527 1412 1577 turpiter
1438 1527 1611 1577 fugisset,
1631 1544 1673 1567 κο

278 1600 316 1630 et
337 1592 461 1631 victor
481 1592 544 1630 hic
565 1606 643 1642 qua
663 1605 704 1630 se
726 1593 881 1630 referret
903 1599 941 1630 et
962 1605 1052 1641 quo.
1113 1592 1235 1640 Quod
1256 1591 1325 1630 ubi
1345 1591 1556 1639 audissem,
1579 1591 1611 1630 si

277 1656 341 1695 ille
362 1656 492 1707 Appia
512 1656 671 1703 veniret,
695 1669 768 1706 ego
790 1656 985 1707 Arpinum
1006 1655 1239 1706 cogitabam.

320 1770 339 1799 5
364 1759 480 1799 deum]
510 1764 546 1790 ut
576 1760 641 1790 deo
674 1759 797 1798 Tyrrcll
925 1770 942 1798 7
970 1759 1073 1790 Hunc
1098 1759 1173 1790 add.
1197 1759 1293 1790 Rom.
1425 1769 1463 1789 12
1487 1760 1530 1790 de
1546 1758 1605 1792 del.

279 1802 469 1843 Wesenberg
555 1812 661 1833 eccm<
678 1802 807 1840 Iunius,
826 1803 864 1841 cf.
880 1803 978 1834 Fam.
995 1804 1065 1834 viii.
1081 1804 1111 1834 8.
1129 1813 1168 1842 5:
1191 1812 1260 1834 ccc.
1279 1802 1299 1833 l.
1320 1802 1363 1833 M
1479 1812 1518 1842 13
1543 1802 1608 1834 Lu-

275 1847 383 1877 cerias
400 1845 458 1876 M:
483 1847 593 1877 minas
611 1846 655 1877 C:
685 1846 867 1877 Lucerinas
885 1847 994 1877 minas
1013 1847 1093 1877 coni.
1110 1846 1224 1877 Baiter
1356 1846 1395 1876 18
1418 1846 1606 1878 dominum·

274 1900 341 1930 que
358 1889 480 1920 Klotz:
505 1891 638 1921 domurn
656 1899 755 1930 quem
771 1889 878 1921 codd.:
906 1890 1079 1920 dominum
1095 1890 1234 1929 quidem
1252 1887 1393 1931 Madvig
