1773 2651
185 165 291 202 IV.i
645 168 699 204 M.
733 169 900 205 TVLLI
934 168 1240 206 CICERONIS

335 277 526 315 Postridie
566 278 604 316 in
644 287 780 316 senatu
816 279 881 329 qui
922 279 993 317 fuit
1027 279 1111 317 dies
1147 281 1351 317 Nonarum
1387 280 1603 329 Septembr.

230 342 429 381 6senatui
467 343 608 392 gratias
647 343 806 393 egimus.
894 345 953 382 Eo
993 343 1115 382 biduo
1153 358 1243 382 611111
1287 352 1388 382 esset
1425 358 1606 383 annonae

277 420 432 445 summa
461 408 599 445 caritas
632 416 670 446 et
700 408 882 446 homines
911 409 962 446 ad
993 410 1187 446 theatrum
1218 408 1356 458 primo,
1383 408 1527 447 deinde
1555 410 1607 447 ad

276 479 455 509 senatum
486 473 785 519 concurrissent,
809 473 980 523 impulsu
1011 473 1128 513 Clodi
1160 487 1246 511 mea
1275 487 1394 523 opera
1423 473 1607 511 frumenti

276 535 449 586 inopiam
489 551 573 575 esse
619 539 842 585 clamarent,
885 552 975 576 611111
1014 552 1083 588 per
1121 552 1188 576 eos
1230 538 1314 576 dies
1357 546 1514 576 senatus
1556 539 1644 583 de5

274 615 431 640 annona
462 603 670 641 haberetur
699 611 736 641 et
766 605 816 642 ad
847 603 930 642 eius
960 603 1276 653 procurationem
1312 617 1492 642 sermone
1526 616 1606 641 non

275 668 402 704 solum
437 667 562 716 plebis
601 681 735 706 verum
774 668 892 706 etiam
925 669 1121 707 bonorum
1157 668 1370 718 Pompeius
1404 675 1608 706 vocaretur

274 731 394 781 idque
429 732 511 782 ipse
546 742 705 783 cuperet
741 733 1033 783 multitudoque
1067 747 1090 771 a
1125 747 1188 772 me
1222 733 1454 772 nominatim
1490 739 1532 770 ut
1565 732 1606 771 id

275 798 527 835 decernerem
567 800 792 848 postularet,
834 798 907 836 feei
947 807 985 837 et
1019 806 1199 837 accurate
1238 798 1473 836 sententiam
1513 797 1604 836 dixi.

276 864 379 902 Cum
406 864 590 901 abessent
617 866 851 911 consulares,
876 866 985 914 quod
1013 872 1097 902 tuto
1119 878 1159 902 se
1180 872 1366 913 negarent
1386 877 1502 914 posse
1522 877 1607 902 sen-
1629 880 1666 902 10

275 928 437 966 tentiam
462 928 603 975 dicere,
633 937 783 979 praeter
810 930 1037 967 Messallam
1067 937 1106 966 et
1134 928 1349 974 Afranium,
1373 929 1519 966 factum
1548 935 1606 966 est

275 1001 433 1031 senatus
463 995 688 1032 consultum
719 994 758 1031 in
789 1008 917 1032 meam
949 994 1196 1040 sententiam,
1220 1002 1261 1031 ut
1291 1007 1381 1032 611111
1413 993 1606 1043 Pompeio

274 1067 451 1108 ageretur
489 1067 529 1097 ut
569 1073 655 1098 eam
695 1073 776 1098 rem
816 1060 1030 1110 susciperet
1068 1061 1209 1109 lexque
1251 1061 1421 1098 ferretur.
1513 1060 1606 1107 Quo

275 1134 433 1163 senatus
454 1127 636 1164 consulto
663 1125 825 1164 recitato
852 1140 940 1164 cum
961 1128 1131 1175 populus
1151 1139 1259 1164 more
1286 1126 1362 1163 hoe
1392 1125 1540 1162 insulso
1568 1132 1606 1162 et

275 1203 379 1228 novo
408 1192 589 1240 plausum
620 1204 710 1229 meo
740 1191 902 1229 nomine
932 1191 1133 1229 recitando
1157 1190 1341 1235 dedisset,
1365 1189 1485 1227 habui
1514 1202 1605 1227 6011-
1628 1203 1663 1234 15

276 1255 434 1293 tionem.
495 1256 646 1294 Omnes
668 1256 913 1306 magistratus
935 1264 1158 1306 praesentes
1186 1263 1336 1306 praeter
1357 1268 1479 1293 unum
1501 1268 1606 1304 prae-

231 1333 254 1372 7
275 1328 399 1359 torem
434 1328 471 1359 et
510 1322 610 1359 duos
645 1320 823 1359 tribunos
857 1323 906 1371 pl.
944 1323 1148 1360 dederunt.
1220 1320 1413 1359 Postridie
1447 1328 1605 1358 senatus

274 1387 457 1436 frequens
496 1394 533 1424 et
573 1399 711 1424 omnes
754 1388 978 1424 consulares
1018 1386 1114 1423 nihil
1156 1385 1347 1435 Pompeio
1389 1384 1605 1434 postulanti

273 1458 472 1501 negarunt.
519 1452 590 1489 Ille
607 1452 754 1500 legatos
775 1451 1003 1500 quindecim
1026 1465 1115 1489 611111
1134 1453 1356 1501 postularet,
1383 1465 1445 1489 me
1466 1450 1605 1501 princi-

272 1530 363 1566 pem
397 1515 615 1555 nominavit
653 1523 691 1554 et
729 1517 779 1554 ad
819 1516 953 1554 onmia
991 1530 1053 1554 me
1091 1518 1256 1555 alterum
1295 1530 1336 1555 se
1374 1518 1456 1554 fore
1494 1515 1600 1554 dixit.
1627 1533 1665 1554 20

273 1583 419 1631 Legem
459 1583 641 1619 consules
680 1581 996 1631 conscripserunt
1036 1595 1113 1632 qua
1153 1582 1343 1632 Pompeio
1382 1595 1450 1631 per
1494 1580 1604 1630 quin-

272 1646 489 1696 quennium
518 1645 647 1684 omnis
677 1653 850 1695 potestas
880 1646 933 1684 rei
959 1647 1234 1685 frumentariae
1259 1654 1342 1685 toto
1372 1646 1467 1684 orbe
1491 1653 1604 1684 terra-

273 1725 358 1748 rum
397 1713 563 1757 daretur,
604 1712 765 1749 alteram
813 1710 983 1749 Messius
1023 1711 1090 1761 qui
1129 1711 1258 1749 omnis
1300 1710 1491 1761 pecuniae
1535 1711 1603 1749 dat

273 1784 508 1826 potestatem
534 1784 571 1814 et
600 1775 778 1825 adiungit
808 1777 972 1814 classem
1003 1784 1041 1814 et
1071 1776 1281 1814 exercitum
1313 1783 1350 1814 et
1380 1775 1505 1813 maius
1535 1774 1603 1812 im-

273 1841 423 1891 perium
456 1841 495 1879 in
530 1841 740 1891 provinciis
775 1854 894 1890 quam
930 1841 977 1879 sit
1013 1855 1147 1880 eorum
1183 1841 1250 1890 qui
1284 1854 1348 1879 eas
1383 1840 1598 1879 obtineant.
1625 1858 1661 1890 ²5

274 1908 347 1944 Illa
367 1914 499 1944 nostra
520 1907 580 1944 lex
600 1905 814 1943 consularis
843 1920 948 1944 nunc
971 1908 1150 1944 modesta
1170 1906 1332 1951 videtur,
1356 1906 1453 1943 haec
1479 1904 1602 1942 Messi

272 1984 353 2008 non
374 1971 544 2008 ferenda.
592 1972 804 2020 Pompeius
826 1970 932 2008 illam
953 1972 1052 2009 velle
1073 1984 1113 2008 se
1134 1970 1240 2016 dicit,
1259 1969 1465 2007 familiares
1486 1970 1598 2007 hane.

273 2038 510 2075 Consulares
531 2037 632 2075 duee
650 2036 825 2075 Favonio
847 2037 1041 2083 fremunt;
1072 2050 1144 2074 nos
1161 2044 1335 2074 tacemus
1352 2043 1389 2073 et
1410 2048 1457 2073 eo
1478 2035 1601 2085 magis

319 2153 331 2172 1
359 2142 433 2172 dies
451 2141 625 2171 Nonarum
650 2140 848 2170 inusitatum
865 2145 936 2170 tam
961 2141 1010 2169 l11'c
1032 2150 1134 2179 quam
1160 2139 1256 2170 Fam.
1287 2139 1330 2169 iii.
1352 2148 1398 2168 11.
1420 2148 1447 2174 1,
1463 2137 1543 2176 fort.
1563 2148 1603 2168 ex

272 2187 362 2216 Non.
394 2189 504 2215 ortum
657 2195 694 2223 14
720 2195 793 2214 cum
821 2184 966 2223 populus
993 2194 1083 2213 more
1110 2181 1158 2213 Al
1185 2183 1296 2214 Crat.:
1322 2182 1484 2212 continuo
1507 2191 1600 2211 more

273 2227 494 2259 CONPM¹s:
519 2238 593 2259 cum
612 2238 706 2258 more
724 2227 798 2258 M²z
836 2228 997 2257 continuo
1024 2237 1098 2256 cum
1123 2237 1214 2256 more
1231 2226 1362 2257 Baiter:
1389 2235 1463 2255 cum
1487 2225 1601 2255 contio

273 2283 366 2303 more
392 2272 486 2302 Man.
506 2283 513 2302 z
549 2275 625 2302 ante
641 2272 794 2310 plausum
819 2270 895 2301 add.
926 2270 969 2309 pl.
986 2269 1162 2310 (populus)
1180 2270 1265 2299 Boot
1392 2279 1429 2308 15
1455 2267 1547 2308 meo]
1566 2267 1599 2297 in

273 2327 348 2346 meo
365 2314 491 2355 Zumpt
506 2314 564 2345 sed
585 2315 622 2354 cf.
640 2314 780 2354 Madvig
799 2315 805 2331 ‘
823 2313 977 2344 Gratum.
997 2312 1084 2342 Lau
1104 2317 1119 2350 ξ
1139 2314 1203 2352 416
1219 2313 1282 2343 obs.
1305 2322 1318 2342 1
1467 2313 1505 2341 16
1527 2315 1603 2342 ante

272 2369 390 2389 omnes
413 2358 487 2389 add.
509 2369 609 2397 quam
632 2356 824 2397 Waecnbeag
843 2367 918 2386 cum
941 2356 1004 2386 cod.
1029 2356 1143 2386 Vrsini
1296 2357 1333 2384 18
1358 2355 1541 2394 frequens:
1565 2359 1599 2384 et

271 2402 384 2432 Baiter
447 2402 647 2432 consulares
666 2402 725 2439 (sc.
744 2400 896 2439 adt-ranis:
913 2411 920 2433 ι
945 2400 1027 2429 nihil
1042 2399 1156 2430 Bo'ckel
1242 2409 1284 2429 20
1300 2399 1341 2429 ad
1358 2399 1470 2429 omnia
1484 2397 1599 2428 EOP:

272 2446 382 2475 omnia
405 2445 514 2476 NMs:
543 2445 680 2474 omnino
701 2443 788 2474 Reid
917 2454 957 2481 24
983 2444 1135 2482 adiungit
1157 2442 1242 2473 Crat.
1263 2454 1269 2471 :
1294 2443 1446 2472 adiunxit
1462 2441 1550 2472 codd.
