1773 2651
231 195 301 232 VI.
325 195 384 230 vii
696 195 751 231 M.
784 194 952 231 TVLLI
985 193 1292 232 CICERONIS

327 307 417 343 volo
444 305 502 343 his
534 304 822 355 magistratibus
850 318 1017 354 quorum
1038 306 1281 343 voluntatem
1312 304 1351 342 in
1372 302 1657 354 supplicatione

327 383 413 407 sum
428 378 618 420 expertus.
661 371 723 407 Tu
746 377 876 407 tamen
899 369 1008 407 mitte
1030 369 1139 417 mihi,
1160 382 1318 418 quaeso,
1335 368 1491 407 obviam
1512 368 1657 406 litteras

327 434 520 484 numquid
543 442 655 484 putes
683 434 735 473 rei
764 434 945 484 publicae
966 434 1127 473 nomine
1155 435 1391 472 tardandum
1418 447 1503 471 esse
1529 431 1654 471 nobis.

326 500 420 537 Tiro
449 500 500 537 ad
531 508 567 537 te
598 499 770 537 dedisset
800 499 955 545 litteras,
980 499 1053 536 nisi
1083 513 1173 537 eum
1204 498 1368 549 graviter
1395 511 1554 547 aegrum
1584 496 1657 534 Issi

325 564 578 614 reliquissem.
640 565 717 602 Sed
740 564 922 602 nuntiant
945 563 1083 602 melius
1105 578 1199 602 esse.
1254 565 1339 613 Ego
1360 570 1492 600 tamen
1512 575 1657 612 angor3
1677 578 1694 609 5

325 629 421 668 nihil
443 629 547 668 enim
569 629 635 667 illo
656 631 909 668 adulescente
930 629 1087 677 castius,
1108 629 1204 667 nihil
1226 628 1462 679 diligentius.

367 759 484 794 VIII
696 763 764 794 ΞΝ.
785 763 904 804 Ephesi
918 763 960 795 K.
985 762 1051 795 Oct.
1071 774 1101 793 α.
1123 773 1182 802 704
1206 763 1286 803 (50).

741 853 916 883 CICERO
941 852 1114 883 ATTICO
1141 852 1237 883 SAL.

291 955 307 982 1
380 942 483 980 Cum
506 940 759 979 instituissem
781 943 831 979 ad
853 949 891 980 te
912 942 1079 980 scribere
1097 943 1373 991 calamumque
1389 939 1658 990 sumpsissem,

326 1007 517 1045 Batonius
539 1020 559 1044 e
581 1006 668 1044 navi
690 1015 794 1044 recta
813 1008 864 1045 ad
886 1020 948 1044 me
966 1006 1072 1045 venit
1093 1008 1257 1045 domum
1283 1006 1431 1056 Ephesi
1453 1014 1490 1044 et
1517 1004 1658 1055 epistu-
1681 1017 1719 1039 ιο

325 1073 402 1110 lam
442 1080 547 1110 tuam
590 1072 760 1110 reddidit
800 1072 924 1122 pridie
966 1074 1053 1110 Kal.
1089 1072 1284 1111 Octobris.
1346 1073 1532 1110 Laetatus
1571 1084 1657 1108 sum

325 1137 508 1175 felicitate
539 1137 797 1187 navigationis
828 1145 927 1184 tuae,
951 1137 1245 1188 opportunitate
1277 1137 1411 1185 Piliae,
1432 1137 1549 1175 etiam
1577 1137 1659 1174 her-

281 1215 305 1241 2
325 1204 413 1241 cule
434 1216 615 1241 sermone
636 1202 813 1241 eiusdem
836 1204 885 1241 de
906 1203 1091 1253 coniugio
1112 1203 1266 1241 Tulliae
1288 1217 1408 1241 meae.
1469 1201 1658 1240 Batonius

324 1276 456 1306 autem
479 1281 607 1306 meros
633 1276 795 1306 terrores
820 1270 870 1307 ad
893 1283 955 1307 me
982 1269 1111 1307 attulit
1133 1269 1404 1313 Caesarianos,
1425 1282 1515 1306 cum
1534 1269 1658 1316 Lepta

325 1333 442 1372 etiam
471 1334 580 1383 plura
615 1335 769 1372 locutus
802 1342 872 1382 est,
905 1348 1017 1384 spero
1057 1336 1165 1381 falsa,
1200 1336 1269 1372 sed
1309 1342 1411 1372 certe
1446 1333 1658 1379 horribilia,
1682 1348 1717 1379 ¹5

326 1398 537 1437 exercitum
585 1401 694 1437 nullo
742 1401 864 1438 modo
903 1400 1167 1447 dimissurum,
1213 1413 1303 1438 cum
1353 1399 1419 1437 illo
1462 1406 1658 1448 praetores

327 1464 562 1514 designatOS‚
605 1465 786 1504 Cassium
835 1465 1036 1503 tribunum
1084 1467 1149 1515 pl.‚
1195 1466 1408 1504 Lentulum
1455 1464 1658 1502 consulem

327 1531 464 1576 facere,
488 1530 680 1580 Pompeio
702 1530 740 1567 in
761 1530 894 1568 animo
916 1544 1000 1569 esse
1021 1531 1158 1569 urbem
1181 1530 1409 1580 relinquere.

284 1603 307 1639 3
381 1596 459 1633 Sed
490 1596 586 1632 heus
617 1598 682 1633 tu!
713 1595 907 1645 numquid
939 1597 1102 1634 moleste
1133 1597 1207 1634 fers
1234 1597 1284 1633 de
1306 1595 1371 1633 illo
1399 1594 1465 1644 qui
1493 1607 1533 1632 se
1560 1594 1658 1631 solet

326 1661 517 1698 anteferre
540 1668 678 1710 patruo
703 1660 844 1699 sororis
866 1668 955 1699 tuae
985 1660 1068 1698 fili?
1108 1668 1146 1699 at
1167 1674 1189 1698 a
1210 1660 1353 1710 quibus
1375 1659 1522 1697 victus!
1580 1658 1658 1696 Sed
1679 1673 1720 1695 20

325 1726 376 1763 ad
398 1739 489 1763 rem.

283 1803 309 1840 4
384 1792 468 1828 Nos
489 1791 632 1829 etesiae
654 1791 999 1831 vehementissime
1027 1793 1252 1839 tardarunt3
1282 1790 1446 1830 detraxit
1468 1802 1525 1827 xx
1553 1788 1659 1838 ipsos

327 1855 411 1894 dies
444 1856 561 1894 etiam
600 1858 809 1906 aphractus
846 1858 1107 1896 Rhodiorum.
1180 1858 1268 1894 Kal.
1302 1857 1462 1895 Octobr.
1499 1855 1659 1904 Epheso

326 1924 640 1960 conscendentes
657 1924 758 1961 hanc
780 1924 988 1974 epistulam
1011 1923 1194 1962 dedimus
1216 1924 1258 1960 L.
1275 1921 1480 1971 Tarquitio
1501 1920 1616 1959 simul
1637 1932 1658 1956 e

325 1995 438 2037 portu
460 1988 674 2037 egredienti
700 1990 769 2026 sed
791 1989 1010 2038 expeditius
1032 1988 1239 2038 naviganti.
1301 1989 1385 2025 Nos
1408 1985 1656 2024 Rhodiorum
1680 2000 1716 2031 ²5

324 2053 519 2102 aphractis
541 2053 758 2103 ceterisque
780 2054 905 2104 longis
923 2054 1088 2092 navibus
1113 2052 1411 2103 tranquillitates
1427 2050 1657 2100 aucupaturi

326 2131 504 2163 eramus3
535 2117 586 2155 ita
608 2126 739 2156 tamen
762 2119 1069 2168 properabamus
1092 2126 1133 2156 ut
1154 2132 1234 2156 non
1256 2124 1388 2167 posset
1410 2116 1542 2166 magis.

284 2195 309 2232 5
384 2184 444 2220 De
465 2184 702 2221 raudusculo
731 2185 950 2221 Puteolano
974 2190 1136 2233 gratum.
1197 2184 1315 2220 Nunc
1336 2181 1451 2219 velim
1474 2180 1657 2230 dispicias

374 2296 387 2316 1
414 2286 599 2326 volo]f0rl.
630 2287 670 2317 ad
700 2287 813 2317 urbem
840 2287 955 2316 venire
980 2287 1064 2320 volov
1092 2287 1128 2325 (f.
1156 2286 1252 2316 Fam.
1274 2286 1304 2315 ii.
1330 2295 1375 2323 17.
1401 2296 1413 2314 r
1547 2294 1565 2322 4
1593 2283 1656 2313 Issi

328 2329 420 2360 Illam.
440 2342 446 2360 ε
471 2341 546 2360 esse
564 2329 618 2361 M:
646 2340 710 2361 om.
731 2330 847 2360 codrkes
866 2340 931 2359 non
960 2330 1045 2359 nulli
1068 2329 1276 2369 Malnspinae
1410 2338 1443 2358 11
1472 2328 1579 2366 pridie
1598 2325 1656 2357 M:

327 2383 350 2403 11
378 2373 417 2410 Z,
444 2375 481 2412 cs.
500 2374 596 2403 Fam.
616 2373 683 2405 xiv.
707 2385 735 2412 4.
755 2383 774 2411 3
911 2383 947 2412 14
974 2383 1085 2403 meros
1110 2371 1283 2402 Muretus:
1318 2372 1419 2401 miros
1445 2371 1487 2401 M
1619 2371 1657 2399 16

324 2423 399 2448 ante
415 2419 601 2449 exercitum
621 2417 698 2449 add.
718 2418 900 2448 Caesarem
921 2416 1006 2446 Crat.
1028 2417 1164 2446 Hosius:
1195 2426 1259 2445 om.
1277 2414 1318 2444 M
1419 2425 1459 2444 22
1476 2415 1656 2445 vehemen—

325 2462 445 2492 tissimi
467 2462 652 2492 Gronovius
785 2472 825 2498 24
853 2460 1025 2499 Tarquitio
1043 2460 1124 2489 Ant.
1143 2471 1148 2488 :
1177 2459 1345 2497 tarquinio
1363 2457 1403 2487 M
