1732 2661
121 170 173 206 ΙΙ.
198 171 275 207 xvi
581 173 636 209 M.
669 173 836 210 TVLLI
870 173 1176 212 CICERONIS

211 282 279 319 sed
303 295 350 319 ne
378 296 605 319 sermonum
627 282 788 331 quidem
816 296 1005 331 umquam
1031 284 1200 320 fructum
1221 284 1343 320 ullum
1370 289 1437 320 aut
1460 296 1539 332 gra-

166 357 189 393 3
210 345 302 383 tiam
321 348 560 384 rettulerunt.
622 348 743 395 Quod
765 346 795 384 si
812 347 852 384 in
868 361 955 385 eam
977 361 1039 385 me
1055 356 1205 396 partem
1224 347 1436 393 incitarem,
1455 360 1540 396 pro-

209 411 312 448 fecto
329 410 405 448 iam
426 411 599 460 aliquam
620 411 828 460 reperirem
853 411 1058 449 resistendi
1079 411 1192 449 viam.
1243 413 1363 449 Nunc
1383 424 1539 460 prorsus

209 477 285 512 hoc
317 475 444 522 statui,
474 484 526 522 ut,
556 475 745 524 quoniam
776 483 883 513 tanta
913 475 1176 514 controversia
1206 484 1264 513 est
1296 475 1539 513 Dicaearcho

208 540 385 578 familiari
415 548 483 578 tuo
508 554 598 577 cum
619 541 896 589 Theophrasto
925 540 1054 578 amico
1084 554 1174 578 meo
1194 548 1236 578 ut
1267 540 1331 578 ille
1360 548 1449 578 tuus
1478 541 1542 579 τὸν
1561 556 1576 586 5

207 607 406 655 πρακτικὸν
416 607 504 654 βίον
520 607 635 654 longe
652 605 838 643 omnibus
858 613 1083 654 anteponat,
1104 605 1167 642 hic
1183 613 1315 643 autem
1331 606 1395 643 τὸν
1411 606 1541 655 θεωρη-

206 672 318 718 τικόν,
341 671 495 721 utrique
524 685 547 708 a
572 684 634 708 me
662 685 748 709 mos
775 679 906 720 gestus
937 684 1022 708 esse
1051 671 1237 709 videatur.
1300 673 1402 709 Puto
1434 671 1538 709 enim

208 750 271 774 me
294 736 538 774 Dicaearcho
558 736 721 773 adfatim
743 735 834 773 satis
859 735 998 773 fecisse
1016 750 1026 783 ;
1054 735 1219 785 respicio
1240 749 1346 774 nunc
1366 737 1416 774 ad
1438 737 1540 774 hanc

208 801 395 839 familiam
435 815 536 851 quae
575 800 671 838 mihi
706 814 787 838 non
823 801 945 839 modo
984 808 1026 838 ut
1061 800 1303 850 requiescam
1338 801 1536 851 permittit,

208 868 277 904 sed
302 866 553 915 reprehendit
578 865 670 915 quia
694 879 774 903 non
800 878 954 914 semper
981 864 1156 915 quierim.
1218 866 1308 914 Qua
1328 879 1367 903 re
1392 866 1540 904 incum-
1563 878 1602 900 10

209 931 358 977 bamus,
393 945 417 969 o
445 938 577 969 noster
606 930 707 977 Tite,
738 931 789 968 ad
811 929 876 967 illa
902 931 1099 980 praeclara
1130 930 1260 968 studia
1289 938 1327 968 et
1354 944 1402 969 eo
1434 932 1540 969 unde

209 996 411 1034 discedere
432 1010 512 1034 non
533 995 705 1044 oportuit
725 994 940 1044 aliquando
960 1002 1207 1033 revertamur.

163 1071 188 1108 4
265 1062 386 1109 Quod
420 1062 470 1099 de
503 1059 642 1109 Quinti
674 1059 798 1097 fratris
831 1059 997 1109 epistula
1029 1059 1175 1107 scribis,
1207 1061 1257 1098 ad
1290 1073 1353 1098 me
1383 1073 1542 1110 quoque

210 1126 281 1164 fuit
314 1127 458 1175 πρόσθε
488 1127 591 1172 λέων,
625 1125 752 1163 ὄπιθεν
781 1125 883 1163 δὲ-.
958 1124 1067 1174 Quid
1097 1124 1227 1162 dicam
1258 1124 1415 1173 nesci03
1450 1139 1541 1164 nam

209 1191 262 1229 ita
291 1193 469 1241 deplorat
499 1190 634 1240 primis
664 1190 840 1228 versibus
871 1188 1118 1228 mansionem
1149 1203 1260 1228 suam
1291 1198 1332 1227 ut
1362 1190 1541 1240 quemvis
1565 1205 1601 1236 15

210 1269 367 1294 movere
388 1256 520 1306 possit,
539 1255 592 1293 ita
613 1268 743 1292 rursus
760 1254 920 1292 remittit
942 1262 983 1292 ut
1005 1268 1067 1292 me
1089 1262 1196 1304 roget
1217 1262 1259 1292 ut
1278 1254 1429 1293 annalis
1451 1269 1542 1294 suos

207 1322 419 1360 emendem
441 1328 478 1359 et
499 1321 626 1358 edam.
688 1321 793 1358 Illud
815 1327 946 1357 tamen
968 1320 1077 1368 quod
1098 1319 1234 1357 scribis
1254 1319 1542 1358 animadvertas

209 1386 327 1424 velim
355 1387 405 1424 de
435 1385 608 1435 portorio
640 1383 1006 1431 circumvectionis3
1046 1383 1098 1421 ait
1131 1397 1172 1421 se
1206 1385 1256 1422 de
1288 1384 1427 1422 consili
1459 1399 1543 1423 sen-

209 1451 330 1490 tentia
357 1465 437 1490 rem
464 1452 515 1489 ad
545 1458 726 1489 senatum
747 1449 937 1488 reiecisse.
1010 1450 1202 1487 Nondum
1223 1449 1405 1488 videlicet
1435 1465 1542 1489 meas

208 1516 353 1555 litteras
374 1518 517 1566 legerat
541 1515 685 1566 quibus
709 1516 760 1553 ad
785 1529 876 1553 eum
907 1529 947 1553 re
977 1516 1157 1553 consulta
1181 1522 1218 1553 et
1239 1517 1437 1565 explorata
1461 1530 1542 1566 per·
1565 1531 1603 1552 ,νο

208 1581 436 1632 scripseram
459 1595 539 1620 non
561 1580 707 1619 deberi.
769 1579 899 1618 Velim
930 1579 961 1618 si
992 1579 1059 1629 qui
1091 1579 1231 1618 Graeci
1261 1579 1338 1618 iam
1370 1582 1540 1619 Romam

208 1662 255 1686 ex
281 1647 376 1685 Asia
404 1647 454 1685 de
484 1660 530 1684 ea
559 1659 677 1684 causa
705 1653 897 1684 venerunt
924 1645 1058 1683 videas
1090 1653 1138 1692 et,
1171 1645 1202 1683 si
1235 1645 1304 1684 tibi
1334 1646 1538 1694 videbitur,

209 1713 254 1751 iis
278 1713 524 1751 demonstres
550 1711 645 1761 quid
671 1724 744 1760 ego
769 1712 819 1749 de
847 1725 893 1749 ea
920 1725 960 1748 re
988 1710 1164 1749 sentiam.
1226 1711 1266 1749 Si
1287 1726 1447 1762 possum
1469 1712 1543 1750 dis-

209 1779 358 1824 cedere,
383 1790 432 1815 ne
462 1790 579 1815 causa
604 1776 754 1827 optima
784 1776 823 1814 in
855 1785 993 1815 senatu
1022 1785 1164 1826 pereat,
1188 1791 1260 1827 ego
1284 1777 1376 1815 satis
1402 1777 1542 1816 faciam

209 1842 456 1893 publicanis;
501 1845 530 1880 εῑ
562 1843 600 1880 δὲ
628 1844 680 1892 μή
712 1843 817 1892 (vere
845 1850 975 1880 tecum
1002 1844 1166 1893 loquar),
1197 1843 1236 1880 in
1266 1845 1339 1882 hac
1370 1857 1409 1882 re
1440 1845 1543 1881 malo
1566 1857 1601 1888 25

210 1907 413 1946 universae
430 1907 547 1946 Asiae
568 1915 606 1946 et
628 1908 937 1958 negotiatoribus
955 1923 962 1953 ;
994 1922 1084 1946 nam
1103 1923 1237 1947 eorum
1255 1923 1415 1959 quoque
1431 1910 1545 1947 vehe-

212 1981 362 2012 menter
395 1973 565 2012 interest.
628 1976 720 2012 Hoc
753 1988 826 2024 ego
862 1974 989 2013 sentio
1022 1975 1135 2012 valde
1168 1974 1282 2012 nobis
1314 1988 1412 2024 opus
1446 1988 1541 2012 esse.

211 2039 289 2076 Sed
319 2046 360 2076 tu
391 2038 430 2077 id
460 2039 622 2077 videbis.
687 2042 927 2088 Quaestores
957 2048 1100 2087 autem,
1125 2053 1282 2090 quaeso,
1308 2054 1402 2077 num
1425 2039 1542 2077 etiam

211 2105 261 2141 de
299 2103 526 2154 cistophoro
564 2105 777 2143 dubitant?
847 2107 951 2143 Nam
987 2105 1017 2142 si
1055 2105 1162 2143 aliud
1200 2104 1295 2142 nihil
1335 2104 1414 2150 erit,
1451 2118 1542 2142 cum

213 2167 357 2205 erimus
396 2168 529 2207 omnia
563 2169 720 2219 experti,
758 2183 830 2218 ego
866 2183 914 2207 ne
948 2169 1045 2207 illud
1079 2169 1239 2218 quidem
1274 2176 1536 2207 contemnam.
1563 2180 1603 2210 30

261 2283 276 2310 7
302 2273 454 2302 videatur
472 2271 546 2303 illl:
573 2273 750 2303 videbatur
765 2271 854 2302 codd.
985 2282 1020 2310 17
1046 2272 1158 2302 scribit
1177 2272 1264 2302 Crrt.
1389 2283 1430 2310 23
1455 2272 1545 2302 deci-

216 2316 296 2346 dere
315 2315 454 2356 Madm‘g
468 2328 474 2346 :
493 2316 664 2346 discutere
679 2316 799 2345 Orelli:
825 2318 900 2344 ante
915 2315 1092 2345 discedere
1106 2314 1243 2345 addend.
1259 2315 1303 2345 ita
1320 2316 1399 2346 coni.
1420 2315 1544 2346 ll'csen-

216 2359 292 2399 berg
408 2370 448 2397 24
475 2363 548 2389 ante
566 2370 608 2389 ne
625 2359 698 2389 add.
718 2365 752 2389 ut
766 2357 853 2388 Reid
960 2368 1003 2396 30
1021 2359 1345 2397 contemnam‚quod
1358 2363 1543 2389 extremum

218 2407 278 2433 est.
325 2402 373 2432 Te
392 2403 478 2443 vulg.
