1732 2661
557 198 669 234 EPP.
702 197 780 233 AD
812 196 1072 233 ATTICVM
1448 195 1476 231 I.
1497 194 1573 230 xvi

136 317 288 357 varum,
319 323 449 359 neque
484 316 521 347 te
560 308 726 347 retinere
765 308 805 345 in
840 307 996 346 civitate
1035 308 1105 345 sed
1145 306 1279 344 exsilio
1318 305 1468 356 privare

135 377 352 413 voluerunt.
413 376 545 423 Quam
567 375 620 412 ob
642 387 734 420 rem,
754 381 884 423 patres
905 371 1127 421 conscripti,
1145 371 1279 422 erigite
1300 371 1465 417 animos,

135 439 298 478 retinete
321 448 489 477 vestram
518 439 761 488 dignitatem.
824 440 963 475 Manet
993 437 1057 474 illa
1084 437 1124 474 in
1152 450 1191 475 re
1216 436 1375 486 publica
1402 437 1468 474 bo-

134 518 274 542 norum
296 504 532 551 consensio3
561 505 674 541 dolor
700 502 866 541 accessit
893 502 1009 540 bonis
1030 501 1130 547 viris,
1154 501 1274 538 virtus
1302 514 1382 538 non
1411 509 1468 539 est

97 581 113 611 5
134 568 366 616 imminuta3
396 569 493 606 nihil
522 577 580 606 est
607 568 742 606 damni
774 569 920 605 factum
951 566 1043 604 novi
1071 567 1140 604 sed
1168 566 1277 614 quod
1305 573 1385 603 erat
1415 565 1469 602 in-

134 642 295 671 ventum
317 642 385 672 est.
440 635 487 671 In
509 633 625 671 unius
647 633 819 671 hominis
841 631 981 682 perditi
1003 630 1150 669 iudicio
1170 632 1300 680 plures
1322 630 1467 668 similes

134 699 274 748 reperti
295 700 410 737 sunt.'
459 700 536 736 Sed
558 698 655 747 quid
675 700 780 748 ago?
809 711 935 747 paene
956 696 1174 735 orationem
1197 696 1237 733 in
1259 696 1465 745 epistulam
1489 705 1535 731 10

134 763 282 801 inclusi.
345 765 485 802 Redeo
511 765 562 801 ad
586 763 893 801 altercationem.
955 762 1082 811 Surgit
1110 763 1330 811 pulchellus
1358 775 1466 810 puer,

132 828 254 867 obicit
282 829 377 866 mihi
409 843 471 867 me
501 831 550 867 ad
581 829 694 866 Baias
724 828 853 866 fuisse.
915 829 1088 871 Falsum,
1110 828 1179 864 sed
1210 834 1341 864 tamen
1370 826 1465 875 quid

75 907 112 928 10
132 895 208 931 hoc
228 896 245 931 ?
325 898 333 913 ‘
355 894 490 932 Simile
542 902 600 932 est
622 895 629 910 ’
680 894 842 943 inquam
899 892 1035 942 ‘quasi
1084 892 1122 929 in
1171 899 1309 941 operto
1357 891 1465 929 dicas

131 958 274 997 fuisse.'
353 959 511 1008 ‘Quid’
569 959 696 1008 inquit
747 962 754 978 ‘
776 957 928 996 homini
978 956 1158 1006 Arpinati
1209 970 1299 994 cum
1353 955 1465 1005 aquis

130 1024 315 1062 calidis?’
395 1026 564 1062 ‘Narra'
604 1024 765 1073 inquam
808 1027 997 1073 ‘patrono
1036 1030 1116 1069 tuo,
1158 1021 1225 1071 qui
1265 1021 1465 1070 Arpinatis

128 1102 251 1138 aquas
281 1089 553 1139 concupivit';
588 1089 691 1127 nosti
717 1088 822 1126 enim
849 1087 1058 1125 Marianas.
1126 1088 1391 1137 ‘Quousque'
1411 1086 1465 1123 in-

129 1153 214 1202 quit
247 1155 373 1192 ‘hunc
408 1167 539 1203 regem
569 1154 789 1191 feremus?'
862 1155 870 1171 ‘
889 1154 1039 1201 Regem
1071 1152 1270 1200 appellas'
1302 1150 1463 1199 inquam

73 1232 108 1262 15
131 1221 244 1256 ‘curn
282 1220 368 1256 Rex
407 1218 462 1256 tui
502 1218 745 1256 mentionem
786 1218 935 1254 nullam
976 1216 1187 1262 fecerit?';
1228 1215 1292 1253 ille
1330 1224 1462 1254 autem

130 1283 249 1333 Regis
270 1284 529 1322 hereditatem
547 1297 616 1334 spe
632 1285 846 1322 devorarat.
893 1286 901 1302 ‘
918 1283 1115 1320 Domum'
1137 1281 1263 1331 inquit
1289 1281 1463 1319 ‘emisti'

128 1350 293 1387 ‘Putes'
315 1349 477 1399 inquam
500 1349 679 1387 ‘'dicere:
713 1348 871 1386 Iudices
899 1347 1053 1385 emistis
1113 1346 1306 1384 ‘Iuranti'
1335 1346 1461 1396 inquit

130 1413 222 1451 ‘tibi
252 1427 332 1452 non
361 1414 636 1452 crediderunt.’
699 1412 823 1450 ‘Mihi
851 1414 964 1450 vero'
992 1411 1153 1461 inquam
1181 1415 1289 1448 ‘xxv
1311 1411 1461 1449 iudices

127 1479 394 1526 crediderunt,
415 1491 533 1525 XXXI,
556 1477 746 1528 quoniam
776 1490 961 1514 nummos
991 1484 1082 1514 ante
1111 1484 1359 1525 acceperunt,
1390 1476 1460 1514 tibi

68 1558 108 1580 20
127 1544 223 1581 nihil
255 1544 531 1582 crediderunt.’
590 1542 746 1593 Magnis
782 1541 1019 1580 clamoribus
1053 1540 1235 1578 adflictus
1270 1541 1459 1579 conticuit

126 1616 164 1646 et
193 1608 377 1647 concidit.

179 1675 324 1711 Noster
343 1681 475 1711 autem
498 1681 620 1711 status
648 1680 706 1711 est
734 1672 807 1710 hic.
868 1673 989 1721 Apud
1018 1672 1144 1709 bonos
1172 1670 1293 1709 iidem
1323 1684 1458 1708 sumus
1481 1680 1514 1706 11

124 1752 224 1788 quos
251 1738 450 1788 reliquisti,
473 1739 580 1787 apud
611 1739 767 1776 sordem
796 1736 902 1774 urbis
924 1744 961 1774 et
988 1737 1138 1774 faecem
1167 1737 1291 1773 multo
1319 1735 1458 1773 melius

123 1811 182 1841 est
209 1817 315 1841 nunc
339 1816 458 1852 quarn
486 1802 686 1852 reliquisti.
748 1803 852 1839 Nam
880 1809 918 1839 et
948 1801 1044 1838 illud
1075 1800 1190 1839 nobis
1221 1814 1299 1839 non
1331 1801 1454 1846 obest,

66 1879 102 1909 25
124 1868 246 1906 videri
267 1876 444 1905 nostrum
461 1867 733 1905 testimonium
750 1880 831 1904 non
845 1866 1012 1904 valuisse
1030 1880 1037 1911 3
1068 1865 1208 1903 missus
1225 1873 1283 1904 est
1300 1865 1456 1914 sanguis

123 1932 293 1971 invidiae
314 1933 398 1970 sine
419 1933 556 1970 dolore
577 1940 696 1981 atque
721 1931 839 1969 etiam
864 1932 940 1969 hoc
969 1930 1091 1980 magis
1113 1932 1221 1980 quod
1242 1943 1380 1968 omnes
1402 1930 1455 1967 illi

122 1999 291 2036 fautores
312 1997 414 2035 illius
436 1996 554 2046 flagiti
582 2010 663 2034 rem
691 1996 939 2033 manifestam
969 1995 1075 2033 illam
1103 1996 1348 2044 redemptam
1370 2008 1455 2032 esse

122 2077 144 2101 a
164 2062 360 2101 iudicibus
381 2063 628 2100 confitentur.
689 2060 857 2099 Accedit
878 2060 988 2108 illud,
1004 2061 1112 2110 quod
1134 2060 1197 2097 illa
1219 2059 1454 2097 contionalis

164 2177 184 2205 9
209 2166 341 2196 Salsum
361 2165 455 2196 Mam
607 2175 645 2195 10
670 2165 734 2195 hoc
754 2164 781 2194 C
795 2163 910 2193 codices
939 2162 1098 2193 Lambini
1115 2163 1278 2201 Bosique:
1304 2163 1380 2192 huic
1399 2166 1453 2192 ΣΔ

121 2211 153 2240 in
172 2214 292 2249 operto
310 2210 402 2239 dicas
420 2213 464 2239 Σ;
489 2209 581 2238 dicas
600 2209 633 2238 in
652 2213 770 2247 operto
789 2213 815 2237 Δ
953 2217 988 2236 12
1013 2211 1088 2236 ante
1113 2212 1254 2245 patrono
1276 2206 1352 2236 add.
1372 2207 1451 2244 quid

125 2253 248 2293 Tyrrell
381 2262 418 2290 13
444 2252 615 2282 Marianas
643 2251 742 2282 Rom.
772 2250 943 2281 Schmidt:
981 2251 1128 2280 marinas
1157 2249 1267 2279 codd:
1302 2249 1452 2280 Marinas

121 2298 175 2335 (sc.
198 2296 374 2326 Marianas
387 2296 424 2334 cs.
447 2295 657 2325 Caesam'zmsl
677 2294 865 2329 Lehmann,
886 2295 940 2324 vix
957 2298 1033 2323 rcere
1134 2303 1170 2331 17
1198 2294 1332 2331 inquam
1351 2292 1451 2323 EPs:

118 2350 215 2378 quam
234 2338 378 2369 MNHO
496 2340 534 2368 18
561 2338 663 2367 ‘Mihi
683 2362 688 2368 .
709 2362 714 2368 .
735 2363 740 2368 .
761 2338 888 2367 iudices
907 2335 1143 2366 crediderunt’
1162 2346 1225 2366 om.
1245 2334 1297 2365 Ml
1408 2346 1449 2373 23

119 2383 253 2413 meliust
272 2382 376 2412 Reid:
401 2382 520 2412 melius
539 2380 624 2411 codd.
718 2390 756 2417 24
781 2390 878 2418 quam
898 2389 971 2409 cum
990 2378 1154 2411 Euander,
1174 2378 1231 2408 sed
1245 2380 1281 2417 cs.
1300 2383 1343 2417 ιφ.
1364 2388 1407 2409 11.
1428 2388 1448 2417 3

110 2428 174 2465 fin.
303 2436 341 2464 27
370 2425 457 2455 illum
479 2425 689 2462 redemptum
708 2423 870 2461 Bsiclzeler,
892 2422 947 2451 sed
960 2422 1079 2460 confert
1094 2420 1268 2452 Lehmann
1292 2421 1376 2452 Verr.
1398 2423 1444 2452 iii.

121 2480 180 2507 130
