1773 2651
161 175 291 213 VILi
656 177 711 216 M.
742 178 910 215 TVLLI
943 177 1248 216 CICERONIS

283 287 392 325 omni
413 295 514 326 statu
540 301 629 326 meo
659 288 816 338 cogites
876 288 1021 326 Videre
1051 288 1155 326 enim
1187 287 1283 326 mihi
1303 287 1437 326 videor
1463 295 1611 325 tantam

283 351 590 399 dimicationem,
615 353 687 390 nisi
718 353 824 391 idem
849 354 947 391 deus
968 353 1034 402 qui
1060 367 1131 391 nos
1162 353 1301 391 melius
1328 366 1446 402 quam
1477 360 1611 402 optare

281 419 516 455 auderemus
548 417 730 456 Parthico
770 419 875 455 bello
905 417 1081 456 liberavit
1120 417 1328 468 respexerit
1368 431 1448 455 rem
1487 417 1610 467 publi—

281 484 507 529 camffsed
529 491 676 520 tantam
698 491 845 532 quanta
865 496 1081 532 numquam
1104 483 1186 520 fuit.
1254 485 1348 532 Age,
1366 484 1442 521 hoc
1464 484 1610 520 malum

283 547 377 585 mihi
400 562 613 586 commune
635 556 691 586 est
713 562 803 586 cum
826 548 1024 587 omnibus.
1084 548 1193 585 Nihil
1222 548 1290 587 tibi
1320 549 1467 586 mando
1497 556 1538 586 ut
1559 549 1609 586 de
1631 561 1648 591 5

281 625 329 650 eo
351 612 510 662 cogites,
536 613 632 651 illud
655 627 786 651 meum
808 613 1009 663 proprium
1030 614 1250 663 πρόβλημα,
1267 626 1424 663 quaeso,
1442 612 1606 662 suscipe.

281 676 456 716 Videsne
479 685 519 715 ut
542 686 578 716 te
598 686 758 716 auctore
775 677 848 715 sim
866 686 1075 728 utrumque
1092 679 1351 729 complexus?
1392 679 1453 715 Ac
1469 679 1608 716 vellem

280 756 303 780 a
322 742 515 793 principio
536 751 574 781 te
594 742 751 781 audisse
772 742 1008 781 amicissime
1030 751 1270 781 monentem.

433 809 540 846 Ἀλλ’
571 810 659 858 ἐμὸν
687 810 820 846 οὔποτε
850 808 964 858 θυμὸν
993 809 1043 847 ἐνὶ
1074 809 1282 859 στήθεσσιν
1310 808 1458 849 ἕπειθες.

281 874 358 910 Sed
389 872 605 923 aliquando
635 881 766 912 tamen
801 873 1025 923 persuasisti
1056 881 1098 912 ut
1131 875 1295 912 alterum
1328 875 1610 924 complecterer
1633 889 1671 911 10

280 937 371 987 quia
392 939 442 976 de
471 952 533 976 me
561 947 641 976 erat
668 938 817 989 optime
839 939 1009 985 meritus,
1032 940 1197 977 alterum
1219 938 1310 989 quia
1337 946 1489 976 tantum
1510 940 1608 976 vale-

282 1002 357 1040 bat.
419 1003 510 1042 Feci
550 1003 664 1052 igitur
702 1004 834 1054 itaque
874 1003 985 1042 effeci
1024 1004 1133 1042 omni
1172 1003 1364 1053 obsequio
1403 1011 1445 1041 ut
1483 1004 1608 1042 neutri

239 1077 262 1112 3
282 1067 436 1106 illorum
451 1068 659 1119 quisquam
682 1077 782 1107 esset
804 1083 867 1108 me
888 1069 1020 1108 carior.
1070 1071 1184 1108 Haec
1205 1069 1309 1107 enim
1327 1068 1607 1119 cogitabamus,

281 1146 354 1171 nec
384 1133 479 1171 mihi
510 1133 724 1172 coniuncto
754 1148 844 1172 cum
877 1135 1068 1185 Pompeio
1098 1136 1178 1173 fore
1206 1147 1366 1172 necesse
1387 1147 1549 1184 peccare
1570 1134 1608 1171 in

279 1212 318 1236 re
338 1198 496 1248 publica
516 1199 731 1249 aliquando
753 1213 825 1238 nec
846 1213 937 1238 cum
959 1201 1126 1239 Caesare
1147 1199 1330 1238 sentienti
1351 1200 1607 1249 pugnandum
1634 1212 1668 1244 15

279 1277 363 1302 esse
384 1277 475 1302 cum
499 1264 702 1314 Pompeio.
761 1267 891 1303 Tanta
911 1273 991 1304 erat
1012 1265 1166 1304 illorum
1189 1264 1427 1304 coniunctio.
1490 1266 1607 1303 Nunc

280 1328 494 1379 impendet,
518 1338 559 1368 ut
590 1338 627 1368 et
659 1338 699 1368 tu
730 1331 906 1370 ostendis
936 1340 975 1370 et
1002 1345 1075 1382 ego
1094 1331 1220 1378 video,
1246 1344 1400 1369 summa
1421 1331 1519 1369 inter
1540 1344 1607 1369 eos

278 1395 491 1433 contentio.
554 1397 622 1434 Me
656 1404 787 1434 autem
820 1404 983 1447 uterque
1023 1405 1202 1436 numerat
1241 1411 1366 1443 suum,
1402 1397 1475 1434 nisi
1509 1398 1608 1435 forte

278 1459 434 1497 simulat
472 1462 577 1498 alter.
639 1462 742 1498 Nam
784 1462 996 1511 Pompeius
1035 1476 1115 1500 non
1154 1462 1333 1507 dubitat3
1375 1475 1463 1500 vere
1501 1461 1606 1499 enim

278 1523 424 1562 iudicat
445 1539 491 1563 ea
515 1539 615 1575 quae
646 1527 695 1564 de
723 1540 762 1564 re
792 1527 951 1576 publica
978 1541 1084 1565 nunc
1111 1527 1252 1566 sentiat
1274 1526 1369 1564 mihi
1390 1527 1503 1564 valde
1524 1540 1608 1576 pro-
1632 1544 1668 1564 20

279 1589 371 1628 bari.
430 1590 642 1640 Vtriusque
673 1599 804 1629 autem
843 1592 978 1642 accepi
1018 1592 1100 1630 eius
1140 1592 1247 1630 modi
1286 1591 1431 1630 litteras
1465 1592 1607 1629 eodem

278 1662 455 1705 tempore
494 1669 574 1705 quo
606 1664 702 1702 tuas,
744 1664 785 1694 ut
819 1665 957 1695 neuter
991 1671 1231 1707 quemquam
1270 1656 1448 1696 omnium
1488 1656 1607 1706 pluris

232 1721 404 1766 4facere
443 1735 561 1771 quam
602 1735 665 1760 me
702 1721 908 1760 videretur.
978 1724 1127 1761 Verum
1166 1722 1262 1772 quid
1300 1724 1445 1772 agam?
1512 1722 1605 1759 Non

278 1798 423 1834 quaero
454 1786 517 1823 illa
548 1786 684 1824 ultima
713 1786 763 1837 (si
793 1786 898 1825 enim
928 1787 1061 1825 castris
1092 1801 1151 1825 res
1179 1794 1342 1837 geretur,
1374 1786 1490 1825 video
1513 1799 1604 1824 cum

276 1852 399 1889 altero
420 1851 522 1889 vinci
553 1851 672 1889 satius
705 1865 790 1890 esse
819 1865 938 1901 quam
969 1866 1060 1891 cum
1091 1854 1213 1890 altero
1234 1852 1417 1901 vincere),
1441 1852 1510 1889 sed
1541 1851 1605 1889 illa
1627 1868 1663 1899 ²5

276 1930 376 1965 quae
406 1924 489 1954 tum
518 1924 682 1966 agentur
711 1930 801 1955 cum
823 1931 978 1964 venero,
1002 1932 1051 1956 ne
1078 1917 1175 1956 ratio
1202 1916 1374 1956 absentis
1402 1917 1603 1963 habeatur,

276 1988 316 2018 ut
350 1980 562 2019 exercitum
595 1981 778 2020 dimittat.
839 1984 953 2028 ‘I)1c,
990 1984 1044 2020 M.
1082 1984 1238 2020 TVLL1.'
1296 1981 1404 2030 Quid
1444 1981 1604 2020 dicam?

277 2049 285 2064 ⁴
300 2047 505 2095 Exspecta,
523 2047 667 2084 amabo
689 2054 736 2093 te,
760 2048 856 2085 dum
879 2047 1054 2084 Atticum
1076 2046 1308 2085 conveniam
1326 2048 1362 2084 ’?
1420 2047 1512 2084 Non
1544 2054 1602 2085 est

274 2113 382 2149 locus
412 2113 462 2150 ad
493 2112 838 2162 tergiversandum.
898 2114 1045 2152 Contra
1078 2114 1319 2151 Caesarem?
1378 2112 1478 2150 ‘Vbi
1512 2112 1600 2150 illae

273 2184 363 2214 sunt
395 2178 540 2215 densae
572 2179 807 2216 dexterae?⁷
866 2179 970 2215 Nam
1010 2186 1051 2215 ut
1091 2177 1143 2215 illi
1183 2179 1258 2216 hoc
1297 2177 1429 2216 liceret
1467 2177 1599 2216 adiuvi
1619 2192 1661 2223 30

273 2250 428 2292 rogatus
455 2243 505 2281 ab
534 2243 619 2293 ipso
642 2245 857 2282 Ravennae
884 2244 933 2282 de
956 2243 1092 2282 Caelio
1122 2243 1280 2281 tribuno
1310 2244 1359 2292 pl.
1420 2244 1485 2281 Ab
1514 2243 1599 2292 ipso

316 2347 335 2375 8
359 2347 526 2377 audissem
552 2346 673 2379 Lamb.
862 2357 899 2377 12
924 2347 1035 2386 itaque
1060 2346 1119 2377 M:
1156 2347 1254 2386 idque
1282 2346 1464 2377 Graevius:
1499 2352 1599 2385 atque

274 2388 368 2420 Man.
523 2402 562 2429 24
590 2391 644 2421 illa
665 2391 778 2421 ultima
805 2391 849 2421 C:
884 2391 937 2420 illa
966 2391 1071 2420 ultum
1098 2389 1211 2420 EPR:
1237 2401 1300 2420 om.
1330 2389 1595 2424 NHOMsC›-at.,

272 2433 309 2470 cf
330 2433 502 2464 Lehmann
522 2437 528 2449 ‘
542 2435 625 2464 Au?
639 2440 670 2474 p.
695 2444 751 2473 174
886 2444 928 2472 30
953 2439 1070 2464 tensae
1098 2434 1199 2465 Orelli
