1773 2651
668 666 838 704 LIBER
870 667 1119 715 QVINTVS

649 786 752 832 AD
798 786 1137 835 ATTICVM

266 917 290 953 Ῑ
416 919 488 952 Scr.
509 918 697 950 Menturnis
713 920 750 950 1'1'1'
763 924 823 950 ant
832 920 918 960 prid.
938 920 1021 952 Non.
1044 920 1124 952 Mai.
1145 931 1177 951 a.
1198 931 1251 960 70)
1276 921 1359 961 (51).

639 1008 816 1039 CICERO
842 1009 1014 1039 ATTICO
1042 1009 1137 1040 SAL.

188 1113 204 1139 1
279 1098 369 1134 EGO
393 1109 484 1134 vero
512 1103 549 1134 et
574 1104 685 1133 tuum
713 1095 752 1132 in
781 1095 955 1133 discessu
982 1095 1061 1134 vidi
1088 1095 1265 1133 animum
1293 1103 1330 1133 et
1355 1109 1445 1134 meo
1472 1109 1558 1134 sum

223 1161 306 1211 ipse
341 1161 458 1199 testis.
521 1162 614 1209 Quo
646 1161 768 1210 magis
801 1160 871 1198 erit
902 1161 972 1199 tibi
1003 1160 1219 1199 videndum
1255 1174 1304 1199 ne
1336 1161 1432 1210 quid
1467 1161 1558 1199 novi

224 1228 465 1273 decernatur,
490 1234 531 1264 ut
553 1228 628 1264 hoc
658 1234 833 1264 nostrum
857 1226 1095 1264 desiderium
1123 1240 1172 1264 ne
1192 1227 1280 1275 plus
1301 1225 1348 1264 sit
1369 1240 1555 1264 annuum.
1579 1242 1596 1274 5

182 1299 206 1325 2
227 1294 288 1330 De
309 1292 443 1329 Annio
464 1291 674 1330 Saturnino
696 1291 838 1329 curasti
859 1292 993 1341 probe.
1057 1293 1117 1329 De
1140 1291 1231 1329 satis
1253 1292 1388 1329 dando
1409 1305 1500 1330 vero
1522 1300 1559 1330 te

224 1370 328 1406 rogo,
352 1358 484 1406 quoad
515 1356 588 1395 eris
620 1358 773 1395 Romae
804 1364 844 1394 tu
875 1364 917 1394 ut
945 1356 1037 1394 satis
1065 1358 1145 1395 des.
1208 1358 1258 1394 Et
1289 1364 1379 1394 sunt
1409 1357 1559 1406 aliquot

223 1422 498 1460 satisdationes
538 1423 759 1460 secundum
803 1422 1045 1472 mancipium
1088 1421 1207 1460 veluti
1250 1422 1558 1460 Mennianorum

223 1487 471 1537 praediorum
490 1489 549 1525 vel
564 1487 837 1525 Atilianorum.
895 1489 955 1525 De
973 1487 1107 1537 Oppio
1130 1489 1276 1525 factum
1299 1495 1356 1526 est
1378 1494 1422 1525 ut
1440 1487 1556 1535 volui,

222 1561 259 1590 et
282 1553 450 1590 maxime
477 1553 586 1602 quod
614 1564 718 1590 DCCC
745 1552 940 1602 aperuisti.
1002 1554 1116 1602 Quae
1138 1552 1300 1602 quidem
1325 1567 1398 1603 ego
1423 1553 1558 1603 utique
1581 1568 1620 1590 10

223 1619 282 1655 vel
310 1631 465 1655 versura
495 1619 596 1655 facta
626 1618 721 1656 solvi
751 1620 851 1664 volo,
876 1632 924 1656 ne
955 1626 1128 1656 extrema
1156 1618 1308 1656 exactio
1335 1626 1557 1657 nostrorum

224 1682 431 1720 nominum
458 1691 714 1733 exspectetur.

181 1752 205 1789 3
280 1749 398 1785 Nunc
420 1747 535 1786 venio
555 1750 606 1786 ad
627 1756 887 1787 transversum
911 1750 1019 1788 illum
1043 1759 1239 1790 extremae
1259 1750 1449 1801 epistulae
1470 1758 1559 1788 tuae

224 1812 457 1850 versiculum
479 1813 518 1850 in
539 1827 619 1863 quo
646 1828 707 1851 me
732 1815 924 1853 admones
946 1817 996 1854 de
1024 1830 1165 1854 sorore.
1228 1818 1342 1864 Quae
1363 1830 1421 1854 res
1442 1830 1483 1854 se
1505 1816 1559 1854 sie

223 1879 350 1916 habet.
412 1880 464 1916 Vt
489 1879 576 1916 veni
606 1879 644 1916 in
666 1880 846 1929 Arpinas,
879 1896 969 1919 cum
1000 1883 1050 1920 ad
1084 1896 1145 1920 me
1175 1883 1289 1919 frater
1316 1881 1495 1928 venisset,
1520 1881 1558 1918 in
1583 1892 1618 1923 15

222 1944 355 1993 primis
387 1944 500 1982 nobis
531 1958 659 1983 sermo
690 1946 801 1996 isque
834 1950 979 1986 multus
1008 1950 1057 1986 de
1086 1956 1123 1986 te
1153 1948 1234 1985 fuit.
1297 1949 1355 1985 Ex
1379 1961 1458 1997 quo
1486 1961 1558 1996 ego

222 2009 309 2047 veni
330 2011 380 2047 ad
402 2023 447 2047 ea
468 2023 568 2059 quae
597 2012 793 2050 fueramus
822 2027 895 2062 ego
923 2022 960 2051 et
989 2021 1030 2051 tu
1061 2014 1160 2051 inter
1190 2027 1261 2051 nos
1283 2014 1333 2051 de
1360 2026 1491 2050 sorore
1519 2012 1557 2049 in

222 2076 449 2112 Tusculano
471 2076 602 2113 locuti.
667 2078 775 2115 Nihil
799 2086 876 2115 tam
904 2078 983 2116 vidi
1012 2078 1115 2124 mite,
1140 2078 1236 2115 nihil
1258 2086 1337 2115 tam
1359 2079 1556 2127 placatum

223 2152 341 2188 quam
382 2147 463 2177 tum
505 2154 615 2178 meus
656 2143 771 2180 frater
805 2150 885 2180 erat
920 2142 958 2180 in
994 2156 1167 2180 sororem
1203 2150 1320 2187 tuam,
1354 2150 1406 2188 ut,
1439 2141 1556 2180 etiam

226 2203 255 2240 si
286 2218 363 2253 qua
393 2206 516 2243 fuerat
547 2220 593 2243 ex
624 2207 773 2245 ratione
808 2215 988 2257 sumptus
1020 2207 1196 2253 offensio,
1227 2221 1306 2245 non
1341 2214 1553 2256 appareret.
1578 2217 1619 2238 20

267 2318 286 2345 3
313 2309 402 2348 meo]
434 2310 497 2338 mei
527 2310 559 2339 in
586 2320 625 2339 eo
657 2310 776 2349 Yjvrrcll
908 2313 928 2340 6
952 2322 1032 2341 vero
1059 2322 1122 2341 om.
1152 2311 1238 2340 Rav.
1374 2321 1394 2348 9
1420 2315 1454 2339 ut
1479 2309 1554 2340 add.

223 2351 311 2390 vulg.
457 2363 492 2382 ιο
517 2357 592 2382 ante
616 2363 699 2383 DCCC
725 2353 802 2383 add.
825 2354 867 2383 de
895 2353 1016 2393 thrrcll
1149 2365 1185 2384 12
1212 2354 1384 2383 nominum
1413 2352 1554 2382 CNOP:

223 2396 368 2424 omnium
388 2399 415 2424 Δ
554 2398 592 2425 16
617 2407 681 2434 ego
706 2408 770 2427 om.
797 2396 882 2428 Rav,
1018 2409 1059 2427 ρο
1084 2402 1236 2436 sumptus
1257 2396 1307 2427 C}
1328 2395 1531 2437 &meti-rbi*
1550 2408 1555 2426 :

223 2444 355 2476 sumpta
375 2443 401 2468 Δ
418 2450 423 2468 t
450 2440 645 2477 supradicta
659 2439 699 2469 H
