1732 2661
147 164 197 200 II.
219 163 309 198 xxii
591 161 645 198 M.
679 161 846 197 TVLLI
880 160 1186 198 CICERONIS

220 285 261 309 se
281 270 467 320 perfidiae
489 278 525 308 et
547 270 703 308 sceleris
731 269 890 307 infamia
917 271 1011 316 fore,
1033 270 1063 307 si
1089 270 1183 308 mihi
1211 271 1427 320 periculum
1448 286 1550 312 crea-

219 344 322 373 retur
347 336 398 373 ab
423 350 471 374 eo
496 349 614 385 quem
642 335 723 384 ipse
752 342 940 373 armasset
965 348 1055 372 cum
1080 335 1279 384 plebeium
1305 337 1386 374 fieri
1413 350 1548 386 passus

219 407 344 438 esset:
386 401 503 438 fidem
540 399 733 449 recepisse
767 399 841 436 sibi
873 406 910 436 et
942 399 1070 448 ipsum
1105 407 1142 437 et
1178 399 1351 449 Appium
1382 402 1432 439 de
1461 415 1548 440 me:

219 465 320 502 hanc
342 465 371 502 si
394 465 457 503 ille
483 478 562 502 non
591 472 771 505 servaret,
788 463 841 501 ita
861 465 1029 501 laturum
1055 471 1096 501 ut
1117 477 1255 502 omnes
1280 464 1548 515 intellegerent

219 529 314 566 nihil
343 530 415 568 sibi
446 529 645 579 antiquius
665 528 838 567 amicitia
865 537 996 567 nostra
1017 529 1145 568 fuisse.
1208 531 1321 568 Haec
1342 537 1379 568 et
1400 530 1439 567 in
1461 544 1547 569 eam
1568 549 1584 579 5

218 595 451 633 sententiam
473 609 563 633 cum
586 596 708 632 multa
735 594 906 641 dixisset,
929 594 1058 632 aiebat
1088 594 1197 632 illum
1218 595 1345 644 primo
1366 609 1459 634 sane
1480 596 1547 634 diu

218 661 339 697 multa
369 668 515 706 contra,
538 661 588 697 ad
617 667 833 697 extremum
859 667 990 697 autem
1023 673 1162 697 manus
1183 659 1340 698 dedisse
1369 668 1407 698 et
1436 662 1548 699 adfir-

217 737 344 762 masse
372 725 467 762 nihil
496 738 536 762 se
564 732 700 762 contra
727 724 809 762 eius
832 725 1075 762 voluntatem
1098 737 1182 762 esse
1203 725 1406 762 facturum.
1468 727 1546 764 Sed

217 798 353 839 postea
388 798 519 828 tamen
552 790 615 828 ille
648 803 727 827 non
767 788 915 827 destitit
951 790 1000 826 de
1035 788 1150 827 nobis
1181 789 1392 838 asperrime
1423 790 1542 839 loqui.

218 856 338 903 Quod
361 855 391 893 si
413 869 492 893 non
515 857 668 901 faceret,
686 863 817 892 tamen
835 854 868 892 ei
887 854 982 891 nihil
999 855 1247 892 crederemus
1263 862 1382 904 atque
1398 855 1543 902 onmia,
1567 871 1606 894 10

217 921 316 960 sicut
338 922 512 969 facimus,
537 936 770 972 pararemus.

174 995 197 1031 3
272 987 390 1025 Nunc
412 987 464 1025 ita
485 1001 556 1025 nos
576 986 746 1037 gerimus
767 994 808 1024 ut
830 986 868 1024 in
890 986 974 1025 dies
1000 986 1174 1036 singulos
1202 994 1239 1025 et
1263 986 1392 1025 studia
1412 986 1451 1024 in
1473 1001 1544 1025 nos

217 1052 422 1090 hominum
451 1060 489 1091 et
521 1066 615 1102 opes
644 1060 800 1091 nostrae
830 1060 1072 1102 augeantur;
1101 1066 1182 1090 rem
1213 1052 1413 1102 publicam
1439 1055 1545 1091 nulla

213 1131 259 1155 ex
290 1125 398 1167 parte
432 1117 668 1167 attingimus,
707 1117 745 1154 in
780 1117 907 1155 causis
941 1125 1059 1167 atque
1094 1117 1133 1154 in
1168 1117 1233 1155 illa
1263 1131 1381 1167 opera
1412 1126 1544 1155 nostra

212 1182 355 1220 forensi
377 1196 530 1220 summa
552 1182 742 1220 industria
762 1195 960 1220 versamur
978 1196 988 1229 3
1017 1183 1125 1231 quod
1147 1181 1298 1231 egregie
1320 1195 1399 1220 non
1422 1183 1542 1220 modo
1565 1196 1601 1227 15

212 1246 256 1285 iis
278 1247 344 1297 qui
367 1255 528 1285 utuntur
548 1261 680 1297 opera,
701 1248 771 1285 sed
791 1247 909 1285 etiam
932 1247 970 1284 in
992 1248 1129 1296 vulgus
1150 1255 1301 1296 gratum
1323 1260 1407 1285 esse
1428 1247 1543 1285 senti-

211 1325 307 1349 mus.
382 1314 535 1350 Domus
574 1312 802 1357 celebratur,
844 1311 1066 1358 occurritur,
1109 1319 1316 1350 renovatur
1354 1312 1544 1350 memoria

210 1379 447 1423 consulatus,
473 1377 601 1416 studia
622 1377 914 1428 significantur,
945 1377 983 1414 in
1005 1390 1091 1415 eam
1114 1390 1223 1426 spem
1245 1377 1480 1415 adducimur
1500 1385 1542 1415 ut

211 1442 325 1480 nobis
356 1456 401 1480 ea
431 1442 634 1481 contentio
664 1456 765 1492 quae
793 1442 996 1492 impendet
1018 1442 1214 1480 interdum
1246 1455 1326 1480 non
1357 1441 1543 1491 fugienda

211 1507 397 1545 videatur.
1562 1524 1602 1546 20

165 1582 191 1618 4
266 1573 384 1610 Nunc
416 1572 511 1609 mihi
547 1580 583 1610 et
616 1572 788 1610 consiliis
821 1586 921 1622 opus
951 1580 1009 1611 est
1041 1572 1116 1610 tuis
1149 1580 1186 1611 et
1218 1586 1350 1612 amore
1380 1580 1418 1611 et
1449 1573 1537 1610 fide.

212 1637 301 1685 Qua
331 1651 370 1675 re
399 1638 550 1674 advola.
613 1637 806 1687 Expedita
827 1637 922 1674 mihi
944 1646 1055 1675 erunt
1083 1637 1216 1676 onmia
1243 1637 1274 1675 si
1302 1646 1339 1676 te
1367 1638 1535 1675 habebo.

210 1703 338 1739 Multa
367 1715 435 1752 per
458 1704 675 1740 Varronem
704 1710 880 1740 nostrum
909 1703 970 1752 agi
999 1711 1163 1752 possunt
1185 1716 1285 1752 quae
1313 1710 1350 1740 te
1378 1710 1539 1752 urgente

207 1775 319 1804 erunt
347 1767 527 1813 firmiora,
559 1769 681 1804 multa
710 1768 760 1805 ab
789 1767 874 1817 ipso
903 1767 1043 1805 Publio
1074 1767 1176 1813 elici,
1203 1769 1326 1805 multa
1352 1766 1538 1816 cognosci

207 1846 307 1881 quae
346 1831 415 1869 tibi
456 1833 610 1869 occulta
650 1845 734 1870 esse
773 1846 853 1870 non
894 1840 1090 1882 poterunt,
1132 1834 1254 1870 multa
1292 1832 1535 1870 etiam—sed
1560 1847 1595 1879 25

205 1897 421 1934 absurdum
454 1904 511 1934 est
544 1896 695 1946 singula
727 1897 919 1947 explicare
955 1911 1045 1935 cum
1081 1910 1154 1947 ego
1186 1897 1379 1946 requiram
1415 1905 1452 1935 te
1486 1899 1536 1936 ad

161 1962 348 2013 5omnia.
408 1964 541 1999 Vnum
582 1961 678 1999 illud
719 1962 788 1999 tibi
828 1963 1064 2012 persuadeas
1103 1962 1230 2008 velim,
1267 1962 1400 2000 omnia
1440 1962 1535 2000 mihi

205 2027 286 2064 sore
306 2026 497 2076 explicata
518 2025 548 2063 si
571 2034 607 2064 te
624 2026 758 2064 videro
776 2041 782 2068 ς
813 2028 882 2065 sed
901 2034 1026 2064 totum
1049 2034 1106 2065 est
1123 2027 1161 2064 in
1184 2040 1231 2064 eo
1253 2026 1282 2064 si
1303 2035 1394 2065 ante
1415 2041 1534 2077 quam

204 2089 268 2128 ille
289 2090 393 2128 ineat
415 2090 694 2140 magistratum.
757 2093 858 2129 Puto
882 2091 1115 2141 Pompeium
1139 2092 1281 2130 Crasso
1308 2099 1479 2140 urgente,
1503 2091 1533 2129 si

203 2162 243 2192 tu
264 2155 391 2193 aderis
419 2155 485 2205 qui
513 2169 581 2205 per
606 2157 751 2205 βοῶπιν
776 2170 822 2194 ex
852 2156 937 2205 ipso
963 2156 1185 2206 intellegere
1210 2155 1335 2205 possis
1357 2170 1434 2205 qua
1456 2157 1533 2195 fide
1554 2171 1594 2201 30

203 2221 253 2258 ab
284 2220 356 2258 illis
386 2228 530 2270 agatur,
555 2234 626 2259 nos
654 2228 720 2259 aut
750 2221 834 2259 sine
865 2221 1045 2259 molestia
1071 2228 1137 2259 aut
1165 2228 1268 2259 certe
1296 2220 1378 2259 sine
1406 2235 1533 2259 errore

203 2286 365 2323 futuros.
443 2285 629 2323 Precibus
668 2285 809 2323 nostris
849 2293 886 2323 et
925 2285 1197 2324 cohortatione
1236 2298 1316 2322 non
1356 2285 1532 2334 indiges,

249 2397 284 2426 14
323 2388 407 2418 Fort.
443 2399 505 2418 voc.
540 2394 655 2419 nostra
689 2388 972 2429 transponendum
1002 2392 1076 2429 post
1110 2393 1249 2418 utuntur
1281 2399 1384 2427 opera
1419 2389 1530 2427 (l.16)

207 2432 244 2460 16
268 2442 370 2469 opera
388 2432 452 2461 secl.
475 2432 588 2461 Βαίτων
