1773 2651
185 179 253 216 IV.
277 178 321 214 iii
630 177 685 213 M.
718 177 885 213 TVLLI
918 176 1226 213 CICERONIS

262 287 479 326 Damionis.
542 286 620 335 Qui
646 293 754 324 erant
784 299 939 323 mecum
962 285 1074 323 facile
1095 298 1233 335 operas
1253 285 1361 323 aditu
1384 285 1592 336 prohibue-

260 360 359 390 runt.
422 354 512 402 Ipse
545 351 673 390 occidi
714 350 852 400 potuit,
885 351 954 388 sed
990 364 1063 399 ego
1095 350 1224 388 diaeta
1263 364 1396 388 curare
1432 350 1588 399 incipio,

258 417 474 466 chirurgiae
505 417 645 454 taedet.
719 417 791 453 Ille
823 415 1002 453 omnium
1034 415 1198 453 vocibus
1231 428 1321 452 cum
1354 429 1395 453 se
1428 429 1507 453 non
1541 416 1592 453 ad

260 482 449 521 iudicium
480 483 549 520 sed
579 483 630 519 ad
661 480 898 531 supplicium
930 494 1115 529 praesens
1144 481 1247 518 trudi
1275 481 1435 527 videret,
1464 481 1592 519 omnis

260 547 449 587 Catilinas
469 547 660 585 Acidinos
691 555 828 596 postea
856 545 1038 584 reddidit.
1098 547 1202 583 Nam
1232 546 1394 584 Milonis
1415 547 1591 592 domum,
1614 564 1630 594 5

261 626 348 651 eam
369 626 470 662 quae
497 618 552 649 est
577 613 617 649 in
647 612 842 657 Cermalo,
866 624 920 660 pr.
947 611 1043 648 Idus
1072 611 1286 649 Novembr.
1312 625 1534 661 expugnare
1556 618 1595 649 et

260 678 471 716 incendere
500 677 552 714 ita
580 684 745 714 conatus
776 683 835 714 est
864 684 906 714 ut
933 677 1062 725 palam
1090 677 1186 714 hora
1207 676 1344 725 quinta
1364 690 1454 714 cum
1476 675 1594 714 scutis

261 742 442 780 homines
467 741 620 780 eductis
647 741 798 791 gladiis,
830 740 927 779 alios
957 754 1049 778 cum
1082 740 1258 779 accensis
1288 740 1439 779 facibus
1471 741 1595 779 addu-

261 807 365 845 xerit.
429 808 519 856 Ipse
544 807 709 844 domum
738 808 778 843 P.
803 807 934 843 Sullae
961 819 1032 855 pro
1063 805 1197 843 castris
1229 805 1302 843 sibi
1329 807 1380 844 ad
1410 819 1497 844 eam
1528 805 1595 842 im-

261 871 543 922 pugnationem
574 878 803 919 sumpserat.
865 872 970 907 Tum
991 884 1038 908 ex
1061 870 1247 908 Anniana
1279 870 1441 909 Milonis
1471 871 1595 908 domo
1618 887 1657 910 10

262 938 310 984 Q.
347 938 509 973 Flaccus
542 935 675 973 eduxit
711 935 813 973 viros
847 934 970 982 acris,
1011 935 1157 973 occidit
1193 935 1374 973 homines
1405 949 1452 973 ex
1486 934 1595 973 omni

261 1001 466 1039 latrocinio
487 1000 685 1039 Clodiano
706 999 943 1047 notissimos,
967 1000 1095 1050 ipsum
1118 1000 1274 1050 cupivit,
1298 1002 1368 1038 sed
1398 1000 1461 1038 ille
1489 1014 1529 1038 se
1556 1000 1596 1037 in

263 1066 446 1104 interiora
483 1065 641 1103 aedium
682 1066 823 1103 Sullae.
899 1065 999 1102 Exin
1043 1073 1200 1103 senatus
1250 1065 1438 1115 postridie
1487 1066 1594 1103 Idus.

266 1131 386 1170 Domi
417 1130 591 1170 Clodius.
654 1130 842 1181 Egregius
873 1131 1138 1177 Marcellinus,
1169 1145 1307 1169 omnes
1336 1144 1454 1168 acres.
1516 1132 1599 1168 Me-

263 1199 377 1235 tellus
412 1195 610 1234 calumnia
641 1196 802 1234 dicendi
836 1203 992 1246 tempus
1027 1196 1170 1234 exemit
1205 1196 1417 1234 adiuvante
1453 1195 1594 1246 Appio,
1620 1210 1657 1242 15

264 1262 381 1301 etiam
403 1262 561 1299 hercule
582 1260 760 1298 familiari
788 1268 868 1307 tuo,
891 1262 942 1299 de
969 1260 1081 1298 cuius
1106 1260 1327 1299 constantia
1351 1260 1492 1298 virtute
1513 1266 1599 1297 tuae

264 1327 487 1366 verissimae
518 1326 678 1364 litterae.
739 1326 888 1364 Sestius
909 1327 1045 1364 furere.
1110 1327 1181 1364 Ille
1209 1334 1357 1376 postea,
1381 1325 1411 1363 si
1439 1324 1600 1363 comitia

265 1407 334 1431 sua
367 1406 446 1431 non
482 1393 629 1438 fierent,
667 1391 753 1430 urbi
789 1391 937 1429 minari.
999 1392 1103 1429 Milo
1136 1391 1337 1441 proposita
1378 1389 1599 1429 Marcellini

264 1458 467 1504 sententia,
492 1471 610 1507 quam
632 1457 695 1495 ille
716 1458 766 1495 de
787 1456 931 1507 scripto
959 1457 1012 1494 ita
1038 1457 1186 1495 dixerat
1208 1465 1249 1495 ut
1271 1464 1393 1495 totam
1423 1463 1597 1494 nostram

265 1538 423 1563 causam
453 1537 576 1570 areae,
610 1523 895 1569 incendiorum,
930 1523 1091 1573 periculi
1131 1522 1208 1561 mei
1248 1522 1395 1561 iudicio
1429 1523 1599 1572 comple·
1619 1539 1659 1562 20

267 1597 434 1628 cteretur
465 1602 589 1639 eaque
614 1588 747 1627 omnia
771 1588 940 1626 comitiis
971 1590 1189 1635 anteferret,
1212 1587 1436 1638 proscripsit
1464 1601 1505 1625 se
1531 1601 1600 1636 per

223 1654 397 1701 4omnis
436 1653 519 1692 dies
558 1653 766 1691 comitialis
805 1655 856 1691 de
902 1655 1012 1691 caelo
1054 1662 1306 1692 servaturum.
1381 1652 1600 1692 Contiones

268 1721 516 1758 turbulentae
554 1718 715 1764 Metelli,
750 1718 976 1757 temerariae
1007 1719 1124 1769 Appi,
1158 1719 1437 1757 furiosissimae
1470 1717 1596 1756 Publi.

268 1788 382 1824 Haec
422 1793 552 1823 tamen
593 1799 760 1829 summa,
800 1785 873 1823 nisi
915 1785 1014 1823 Milo
1054 1785 1092 1823 in
1132 1799 1274 1835 campo
1313 1784 1596 1830 obnuntiasset,

265 1849 426 1889 comitia
455 1851 593 1887 futura.
654 1852 760 1888 Ante
785 1849 890 1888 diem
920 1862 980 1887 xn
1015 1852 1102 1888 Kal.
1135 1850 1342 1888 Decembr.
1378 1850 1478 1888 Milo
1507 1857 1598 1887 ante
1620 1862 1658 1895 25

267 1914 438 1953 mediam
487 1922 645 1952 noctem
686 1928 776 1952 cum
818 1928 959 1965 magna
999 1929 1118 1953 manu
1167 1915 1205 1952 in
1255 1928 1439 1964 campum
1479 1914 1596 1952 venit.

267 1980 432 2020 Clodius
463 1994 552 2017 cum
583 1980 744 2018 haberet
776 1979 1026 2030 fugitivorum
1057 1981 1229 2018 delectas
1262 1980 1405 2029 copiaS,
1430 1979 1468 2017 in
1499 1994 1601 2017 cam-

311 2095 330 2113 2
355 2094 471 2114 curare
491 2083 602 2115 Cobet:
631 2083 738 2114 curari
757 2083 799 2113 M
922 2096 940 2123 4
966 2085 1052 2115 trudi
1071 2085 1112 2114 I:
1137 2084 1242 2115 videri
1262 2083 1312 2114 M¹
1333 2095 1339 2113 :
1365 2084 1530 2114 reservari
1545 2083 1599 2113 ΛΡ

266 2130 286 2157 6
310 2138 383 2157 eam
401 2138 488 2166 quae
507 2132 557 2157 est
576 2128 607 2157 in
628 2128 784 2157 Cermalo
809 2127 976 2158 Turnebus
994 2140 1000 2158 :
1025 2139 1201 2167 meamque
1219 2129 1363 2158 ceramio
1382 2127 1421 2156 M
1563 2138 1600 2157 12

267 2182 303 2201 se
334 2172 364 2200 in
394 2171 553 2201 interiora
583 2171 702 2201 Orelli:
735 2182 778 2200 ex
802 2172 994 2201 interiorem
1024 2171 1086 2202 M:
1119 2183 1156 2202 se
1186 2173 1218 2201 in
1246 2172 1438 2201 interiorem
1469 2176 1599 2210 partem

268 2214 389 2244 lllu'ller
538 2216 575 2244 16
599 2214 739 2253 virtute]
755 2219 788 2244 et
806 2214 927 2244 virtute
949 2216 1108 2252 velhfort.
1129 2218 1220 2245 recte:
1254 2215 1316 2244 viri
1335 2219 1411 2244 tuae
1430 2215 1599 2244 Faernus:

269 2262 407 2287 nutante
425 2257 661 2297 Pantagathus
678 2269 684 2287 ε
709 2257 796 2287 vitae
815 2263 892 2288 tuae
912 2258 993 2288 Ant.
1088 2263 1163 2288 tuae
1178 2257 1247 2288 add
1277 2258 1434 2288 Gmevsus
1564 2258 1600 2287 18

269 2301 348 2330 Milo
377 2300 452 2330 add.
489 2300 677 2340 Irisssscnbeaeg
867 2312 905 2331 21
934 2303 1012 2338 sort.
1042 2306 1115 2341 post
1145 2302 1330 2332 anteferret
1362 2301 1500 2331 addend.
1538 2301 1599 2330 nisi

267 2344 452 2374 anteferret
540 2348 611 2383 post
630 2345 830 2383 proscripsit
847 2344 923 2375 add.
946 2345 1079 2376 Sestius
1096 2345 1191 2376 Man.
1325 2355 1364 2383 24
1391 2355 1506 2384 campo
1530 2343 1597 2373 cod.

270 2387 399 2417 Vrszni:
424 2397 578 2426 campum
597 2387 637 2417 Μ
744 2397 784 2426 25
806 2388 1005 2427 postfutura
1031 2388 1106 2419 add.
1128 2392 1225 2418 erant
1247 2387 1436 2428 [Vesenbeig
1523 2391 1600 2417 ante

267 2431 409 2460 mediam
428 2435 561 2460 noctem
581 2429 664 2460 CM2
681 2443 687 2461 ι
712 2441 778 2461 out.
800 2436 877 2462 ante
896 2430 944 2460 M¹
964 2443 970 2462 :
995 2432 1105 2462 media
1124 2436 1223 2461 nocte
1242 2431 1327 2471 vulg.
