1732 2661
565 196 676 232 EPP.
710 194 787 230 AD
817 192 1076 230 ATTICVM
1482 190 1511 227 Ι.
1535 189 1613 225 xix

158 307 358 356 quendam
388 305 589 344 tribunum
619 306 682 355 pt,
713 304 895 342 tribulem
925 311 1037 341 tuum
1069 316 1163 340 sane
1191 302 1394 340 hominem
1425 314 1489 338 ne-

157 383 276 420 quam
306 378 425 420 atque
456 379 651 419 egentem,
681 382 797 418 saepe
828 368 904 406 iam
936 369 987 406 de
1014 370 1054 406 P.
1075 367 1220 406 Clodio
1249 368 1300 404 ad
1330 366 1486 416 plebem

158 436 403 473 traducendo
431 448 545 484 agere
574 434 762 483 coepisse.
824 433 931 471 Huic
965 434 1188 482 frequenter
1223 430 1485 469 interceditur.

161 501 275 537 Haec
296 507 396 546 sunt,
420 507 462 537 ut
482 499 632 549 opinor,
657 498 695 535 in
718 513 757 537 re
778 498 945 548 publica.

123 572 140 604 5
215 567 300 614 Ego
337 572 480 610 autem,
522 572 564 601 ut
603 565 722 601 semel
764 565 968 601 Nonarum
1013 563 1164 601 illarum
1205 561 1535 601 Decembriumfi

158 629 333 667 iunctam
360 629 508 667 invidia
534 643 580 667 ac
610 630 823 666 multorum
849 628 1062 666 inimicitiis
1083 627 1265 666 eximiam
1287 627 1487 677 quandam

157 702 275 745 atque
318 695 581 732 immortalem
619 694 782 744 gloriam
822 702 1058 732 consecutus
1098 707 1195 740 sum,
1238 706 1318 731 non
1357 691 1488 730 destiti

158 762 298 800 eadem
333 760 454 799 animi
490 760 762 810 magnitudine
795 760 833 798 in
869 774 908 798 re
943 760 1101 810 publica
1134 759 1276 798 versari
1311 767 1348 797 et
1383 758 1488 796 illam

160 826 378 864 institutam
405 839 450 863 ac
476 834 698 875 susceptam
721 825 953 875 dignitatem
979 825 1088 872 tueri,
1113 826 1182 864 sed
1207 833 1344 875 postea
1371 837 1489 874 quam

104 909 143 931 10
161 891 329 942 primum
364 890 479 930 Clodi
510 890 760 929 absolutione
790 890 988 929 levitatem
1019 890 1365 940 infirmitatemque
1395 888 1491 927 iudi-

160 957 309 995 ciorum
344 956 534 1007 perspexi,
571 956 717 995 deinde
749 956 828 995 vidi
868 965 1022 995 nostros
1057 956 1290 1006 publicanos
1324 954 1435 993 facile
1468 968 1491 992 a

157 1031 295 1060 senatu
334 1021 495 1072 diiungi,
533 1035 773 1071 quamquam
809 1035 832 1059 a
868 1035 930 1060 me
964 1021 1050 1071 ipso
1083 1035 1163 1059 non
1202 1021 1488 1065 divellerentur,

156 1095 241 1125 tum
275 1095 407 1125 autem
443 1087 579 1126 beatos
615 1086 808 1133 homines,
846 1087 918 1124 hos
958 1085 1186 1136 piscinarios
1218 1085 1309 1124 dico
1343 1084 1491 1122 amicos

156 1160 258 1199 tuOS,
280 1166 360 1190 non
381 1153 547 1190 obscure
569 1151 684 1189 nobis
707 1151 890 1198 invidere,
916 1150 1049 1201 putavi
1070 1150 1166 1188 mihi
1194 1150 1359 1188 maiores
1381 1163 1492 1199 quas-

102 1234 136 1264 15
157 1219 249 1256 dam
285 1231 381 1267 opes
421 1225 458 1255 et
498 1217 669 1255 firmiora
705 1217 898 1267 praesidia
935 1230 1019 1255 esse
1054 1217 1290 1266 quaerenda.
1352 1216 1492 1264 Itaque
1513 1218 1535 1256 7

155 1283 336 1333 primum,
374 1296 465 1320 eum
498 1282 565 1331 qui
599 1282 765 1319 nimium
797 1281 864 1320 diu
901 1283 951 1320 de
983 1282 1099 1319 rebus
1133 1280 1275 1319 nostris
1307 1288 1493 1327 tacuerat,

158 1348 393 1398 Pompeium
428 1347 575 1385 adduxi
615 1347 655 1384 in
692 1361 778 1385 eam
815 1348 1058 1384 voluntatem
1092 1353 1133 1383 ut
1165 1345 1205 1383 in
1240 1353 1378 1384 senatu
1413 1358 1493 1383 non

156 1415 277 1451 semel
307 1414 377 1451 sed
407 1426 524 1462 saepe
555 1412 767 1462 multisque
798 1411 925 1449 verbis
957 1411 1072 1449 huius
1103 1410 1200 1448 mihi
1230 1412 1395 1448 salutem
1426 1410 1494 1447 im-

157 1478 239 1528 peri
260 1485 378 1528 atque
400 1478 505 1516 orbis
527 1485 714 1516 terrarum
737 1476 996 1523 adiudicarit3
1027 1477 1136 1525 quod
1167 1489 1248 1514 non
1276 1484 1355 1513 tam
1381 1475 1494 1514 inter-

100 1557 138 1578 20
157 1543 228 1581 fuit
262 1557 350 1581 mea
385 1543 532 1594 (neque
567 1542 672 1581 enim
706 1542 794 1580 illae
830 1555 889 1580 res
920 1549 987 1579 aut
1019 1540 1072 1578 ita
1104 1548 1195 1578 sunt
1227 1541 1417 1579 obscurae
1451 1548 1494 1578 ut

156 1608 437 1654 testimonium,
479 1616 546 1646 aut
585 1608 637 1646 ita
676 1607 820 1646 dubiae
860 1615 902 1644 ut
941 1606 1210 1645 laudationem
1251 1605 1493 1657 desiderent)

156 1688 275 1724 quam
302 1674 355 1712 rei
381 1674 577 1724 publicae,
597 1674 706 1723 quod
734 1680 843 1711 erant
864 1672 1025 1722 quidam
1056 1671 1224 1721 improbi
1246 1671 1313 1721 qui
1335 1679 1494 1710 conten-

155 1739 304 1778 tionem
333 1741 415 1778 fore
441 1740 613 1790 aliquam
642 1738 738 1776 mihi
766 1752 856 1776 cum
888 1737 1079 1787 Pompeio
1107 1751 1154 1775 ex
1184 1751 1311 1775 rerum
1340 1737 1492 1774 illarum

156 1805 402 1843 dissensione
422 1805 709 1843 arbitrarentur.
771 1805 874 1843 Cum
897 1804 972 1841 hoc
995 1816 1067 1852 ego
1089 1816 1152 1840 me
1174 1810 1282 1840 tanta
1302 1801 1493 1839 familiari-

99 1881 136 1912 25
157 1877 235 1908 tate
256 1869 441 1908 coniunxi
469 1878 511 1908 ut
539 1878 703 1919 uterque
725 1876 901 1907 nostrum
924 1867 963 1905 in
986 1881 1056 1905 sua
1077 1867 1227 1905 ratione
1249 1866 1435 1905 munitior
1455 1874 1492 1904 et

156 1934 195 1972 in
226 1949 265 1973 re
295 1935 453 1985 publica
483 1935 630 1973 firmior
660 1936 733 1972 hac
765 1932 1044 1972 coniunctione
1078 1946 1163 1971 esse
1195 1931 1328 1981 possit.
1389 1931 1493 1970 Odia
1513 1934 1537 1970 8

154 2008 286 2038 autem
308 2000 373 2039 illa
393 2000 627 2039 libidinosae
659 2008 697 2038 et
727 1999 917 2038 delicatae
948 1997 1160 2036 iuventutis
1183 2011 1284 2047 quae
1314 2005 1422 2035 erant
1452 1997 1490 2034 in

156 2078 219 2103 me
235 2065 394 2104 incitata
408 2065 462 2104 sic
485 2066 659 2116 mitigata
672 2073 763 2103 sunt
779 2064 965 2103 comitate
985 2064 1156 2114 quadam
1174 2076 1261 2101 mea
1283 2076 1346 2100 me
1367 2075 1489 2100 unum

155 2138 197 2167 ut
231 2144 369 2169 omnes
401 2131 455 2168 illi
485 2133 640 2178 colant3
671 2131 767 2168 nihil
795 2130 872 2169 iam
898 2130 1070 2180 denique
1102 2143 1125 2167 a
1153 2142 1216 2167 me
1244 2142 1425 2178 asperum
1451 2128 1489 2166 in

97 2209 136 2239 30
156 2209 396 2245 quemquam
418 2198 459 2234 fit
481 2210 553 2235 nec
575 2204 706 2234 tamen
728 2195 940 2245 quicquam
962 2197 1150 2245 populare
1172 2207 1218 2232 ac
1240 2194 1486 2241 dissolutum,

155 2261 224 2298 sed
246 2260 298 2298 ita
319 2268 534 2310 temperata
556 2268 637 2299 tota
658 2260 755 2299 ratio
783 2268 840 2299 est
867 2268 909 2298 ut
936 2260 989 2298 rei
1020 2259 1202 2309 publicae
1225 2258 1487 2297 constantiam

203 2366 241 2395 18
265 2365 366 2396 huius
382 2364 474 2396 Man.
493 2376 499 2394 t
516 2365 585 2395 suis
597 2362 682 2394 codd.
775 2374 881 2402 22-24
907 2364 1062 2402 publicae
1079 2375 1085 2401 3
1108 2364 1196 2403 quod
1213 2389 1219 2394 .
1240 2388 1246 2395 .
1261 2389 1266 2394 .
1282 2364 1485 2395 arbitraren-

156 2413 219 2444 tur.
242 2419 315 2438 cum
333 2410 377 2439 ita
395 2409 598 2448 z'tzterp1171.t·1'l
618 2407 806 2448 Wesenbmg
894 2410 936 2438 26
962 2409 994 2438 in
1017 2407 1069 2448 re]
1092 2418 1145 2438 res
1169 2407 1356 2438 Gronovius
1445 2418 1487 2448 29

157 2450 239 2492 iam]
257 2452 346 2482 enim
369 2452 432 2482 cod.
453 2452 648 2492 Poggiamts
