1773 2651
142 184 260 223 VIII.
278 186 322 222 iii
636 188 691 226 M.
724 188 892 225 TVLLI
924 186 1231 227 CICERONIS

264 305 392 348 potest
420 299 511 344 sieri,
536 300 643 348 quod
672 300 713 336 fit
740 299 777 336 in
810 299 941 336 multis
971 299 1279 349 quaestionibus,
1307 306 1349 336 ut
1378 313 1438 338 res
1465 299 1598 338 verbo-

264 363 342 402 sior
368 365 466 402 haec
494 364 620 410 fuerit,
642 364 705 402 illa
730 364 864 402 verior.
925 367 1056 413 Quam
1088 366 1140 403 ob
1171 379 1251 403 rem
1283 372 1324 402 ut
1353 364 1521 402 maxima
1548 366 1598 403 de

264 443 304 467 re
333 444 461 479 aequo
490 429 624 467 animo
654 430 887 468 deliberanti
918 430 970 468 ita
1000 430 1095 467 mihi
1126 432 1196 468 des
1230 430 1438 468 consilium
1467 430 1594 469 velim.

264 495 386 532 Navis
407 502 444 532 et
464 494 505 532 in
527 495 663 533 Caieta
684 503 741 533 est
762 502 896 544 parata
916 495 1030 533 nobis
1052 503 1089 533 et
1112 495 1306 533 Brundisi.

219 566 242 606 7
317 560 395 597 Sed
416 573 508 597 ecce
534 559 659 597 nuntii
688 559 883 598 scribente
912 573 975 598 me
1002 561 1099 597 haec
1121 560 1204 609 ipsa
1228 567 1348 597 noctu
1370 559 1409 597 in
1433 560 1594 607 Caleno,
1619 572 1636 604 5

262 637 354 661 ecce
375 623 524 662 litterae
542 625 750 663 Caesarem
772 625 822 662 ad
841 624 1076 671 Corfinium,
1094 624 1316 663 Domitium
1335 624 1484 663 Corfini
1506 638 1596 662 cum

263 689 375 726 firmo
403 688 572 726 exercitu
600 697 637 727 et
665 702 838 738 pugnare
867 689 1062 738 cupiente.
1124 691 1217 727 Non
1245 696 1342 738 puto
1371 688 1489 726 etiam
1519 690 1596 727 hoc

263 754 444 791 Gnaeum
480 762 657 791 nostrum
697 754 1001 792 commissurum
1042 762 1083 792 ut
1121 753 1342 792 Domitium
1378 753 1597 804 relinquat;

260 818 331 856 etsi
363 819 616 856 Brundisium
653 818 878 869 Scipionem
914 832 1004 856 cum
1040 819 1269 857 cohortibus
1304 819 1459 857 duabus
1490 832 1596 868 prae-

260 882 426 930 miserat,
459 883 655 933 legionem
686 897 709 920 a
744 885 889 921 Fausto
923 883 1187 933 conscriptam
1229 883 1267 921 in
1312 883 1484 922 Siciliam
1520 884 1594 922 sibi
1619 897 1657 919 ιο

259 949 412 996 placere
441 962 463 986 a
492 950 655 986 consule
685 947 776 986 duci
807 948 1012 998 scripserat
1041 950 1093 987 ad
1123 950 1315 987 consules.
1376 950 1455 987 Sed
1482 956 1594 999 turpe

260 1012 481 1051 Domitium
514 1014 692 1051 deserere
727 1013 797 1051 erit
833 1013 1108 1063 implorantem
1142 1013 1224 1051 eius
1262 1013 1461 1052 auxilium.
1523 1016 1594 1052 Est

257 1079 453 1126 quaedam
489 1092 577 1128 spes
611 1078 706 1116 mihi
738 1078 900 1128 quidem
936 1093 1017 1117 non
1058 1093 1199 1129 magna
1230 1080 1299 1117 sed
1332 1079 1371 1116 in
1406 1079 1467 1117 his
1497 1080 1593 1118 locis

256 1144 367 1181 firma
383 1144 588 1182 Afranium
612 1144 650 1182 in
670 1147 870 1194 Pyrenaeo
887 1158 976 1183 cum
991 1145 1194 1183 Trebonio
1211 1158 1417 1195 pugnasse,
1434 1147 1591 1195 pulsum

255 1209 512 1257 Trebonium,
535 1209 653 1248 etiam
682 1209 849 1247 Fabium
878 1218 989 1247 tuum
1018 1210 1201 1248 transisse
1228 1224 1318 1248 cum
1347 1211 1588 1258 cohortibus,
1614 1225 1649 1258 15

255 1288 409 1312 summa
428 1282 560 1312 autem
582 1275 789 1312 Afranium
818 1289 908 1312 cum
935 1274 1084 1325 magnis
1110 1275 1232 1325 copiis
1257 1276 1480 1313 adventare.
1542 1277 1589 1314 Id

255 1338 285 1376 si
313 1347 381 1386 est,
405 1339 443 1377 in
467 1339 580 1377 Italia
607 1341 770 1378 fortasse
801 1339 1034 1378 manebitur.
1097 1342 1182 1390 Ego
1208 1348 1341 1378 autem
1373 1354 1461 1378 cum
1489 1349 1589 1379 esset

254 1404 446 1442 incertum
474 1405 545 1443 iter
570 1405 759 1453 Caesaris,
783 1407 892 1455 quod
920 1407 980 1444 vel
1010 1407 1060 1444 ad
1088 1406 1267 1456 Capuam
1295 1407 1355 1444 vel
1385 1407 1437 1444 ad
1470 1408 1590 1445 Luce-

252 1469 347 1507 riam
365 1469 486 1508 iturus
507 1471 728 1520 putabatur,
746 1472 913 1521 Leptam
936 1471 1023 1508 misi
1044 1472 1095 1509 ad
1114 1470 1347 1521 Pompeium
1364 1477 1401 1508 et
1418 1471 1563 1510 litteras
1578 1487 1588 1519 5

252 1535 334 1585 ipse
355 1549 404 1574 ne
426 1550 505 1586 quo
527 1536 740 1574 inciderem
762 1536 899 1574 reverti
925 1536 1110 1574 Formias.
1608 1545 1647 1567 ²0

307 1602 421 1639 Haec
460 1609 498 1638 te
537 1601 634 1639 scire
669 1601 773 1639 volui
813 1601 1030 1651 scripsique
1069 1601 1264 1639 sedatiore
1297 1601 1432 1639 animo
1466 1615 1585 1652 quam

251 1665 427 1714 proxime
461 1665 702 1714 scripseram,
738 1667 890 1704 nullum
932 1679 1062 1704 meum
1104 1666 1293 1705 iudicium
1333 1666 1587 1717 interponens

250 1732 319 1768 sed
347 1730 554 1780 exquirens
583 1738 705 1768 tuum.

293 1837 359 1873 IV
406 1840 476 1872 Scr.
498 1842 530 1871 in
549 1841 733 1872 Formiano
751 1841 808 1871 viii
821 1841 862 1872 K.
883 1840 984 1871 Mart.
1007 1845 1081 1872 ante
1096 1841 1197 1872 lucem
1215 1851 1244 1871 a.
1268 1850 1323 1880 705
1342 1840 1429 1882 (49).

666 1922 842 1953 CICERO
867 1922 1041 1954 ATTICO
1068 1924 1164 1955 SAL.
1607 1928 1645 1961 ²5

216 2017 233 2045 1
307 2004 519 2054 Dionysius
555 2005 716 2055 quidem
751 2014 841 2044 tuus
875 2007 1006 2057 potius
1041 2021 1159 2057 quam
1195 2015 1338 2055 noster,
1370 2007 1481 2046 cuius
1513 2021 1586 2058 ego

249 2082 340 2108 cum
368 2070 460 2108 satis
487 2084 721 2120 cognossem
750 2085 878 2110 mores
909 2080 977 2110 tuo
1005 2080 1137 2111 tamen
1164 2072 1295 2122 potius
1316 2073 1468 2110 stabam
1489 2072 1586 2111 iudi-

248 2134 310 2172 cio
331 2148 449 2184 quam
472 2149 572 2183 meo,
596 2149 646 2174 ne
667 2136 723 2174 tui
744 2137 906 2186 quidem
928 2137 1128 2176 testimoni
1149 2139 1258 2188 quod
1279 2138 1313 2176 ei
1335 2152 1451 2188 saepe
1478 2140 1584 2188 apud

292 2249 309 2275 4
337 2238 370 2267 in
388 2237 515 2277 Caieta,
535 2239 572 2278 cf.
594 2239 660 2269 xiv.
682 2249 708 2277 7.
733 2249 744 2268 1
764 2243 794 2269 et
811 2239 839 2269 C
864 2238 889 2270 I.
913 2239 953 2270 L.
973 2250 1003 2270 x.
1024 2251 1055 2279 p.
1073 2242 1138 2279 603
1286 2251 1323 2271 10
1347 2252 1365 2271 a
1383 2241 1459 2273 add.
1474 2240 1580 2279 Man„

247 2281 284 2319 cs.
308 2291 345 2310 12
362 2291 384 2311 Α
402 2291 422 2319 3
677 2292 710 2312 Ι[
739 2283 877 2313 consule
902 2283 996 2313 Man.
1016 2284 1081 2314 coll.
1105 2294 1141 2313 12
1158 2294 1190 2315 Α.
1211 2294 1253 2322 3:
1278 2285 1470 2315 consulibus
1492 2285 1579 2315 codd.

249 2325 395 2363 turpiter
410 2324 494 2355 Reid
588 2335 625 2355 12
644 2326 804 2356 deserere
821 2327 886 2356 erit
903 2337 960 2357 vm.
979 2326 1123 2356 ERM²s
1138 2339 1144 2357 :
1169 2328 1296 2357 deserit
1317 2328 1370 2358 M¹
1388 2340 1394 2358 :
1418 2329 1583 2359 desererit

251 2366 281 2395 Ο
296 2379 301 2397 :
326 2368 436 2398 deseri
453 2367 521 2398 edd.
538 2369 698 2408 plerique:
726 2370 861 2400 deseret
880 2369 964 2399 Rm‘d
1051 2370 1111 2400 Est
1128 2370 1215 2411 vulg.
1231 2382 1236 2401 :
1263 2375 1296 2400 et
1313 2371 1401 2402 codd.
1546 2382 1583 2410 14

248 2409 418 2441 Trebonio
434 2411 614 2442 Ascensins
632 2412 691 2451 (ed.
714 2412 745 2442 13
761 2425 767 2442 :
798 2413 958 2442 Petronio
977 2412 1005 2443 C
1018 2413 1109 2444 codd.
1258 2424 1294 2453 15
1326 2414 1465 2445 Fadium
1486 2414 1588 2445 Orelli

253 2463 291 2491 19
318 2455 392 2484 misi
419 2456 459 2484 ad
490 2455 685 2493 Pompeium
713 2455 810 2486 EOR
828 2467 856 2487 v.
875 2468 918 2487 ατ
947 2457 988 2487 ad
1014 2457 1048 2487 Ρ.
1070 2457 1143 2487 misi
1166 2463 1193 2487 Δ
1328 2463 1361 2487 et
1386 2458 1461 2489 add.
1489 2462 1583 2489 vett.:

250 2507 324 2526 cum
344 2498 464 2527 litteris
481 2509 496 2528 s
515 2497 638 2529 Malle)-
