1732 2661
107 156 160 193 ΙΙ.
186 157 230 193 iii
556 158 611 194 M.
643 157 810 193 TVLLI
842 157 1148 195 CICERONIS

229 263 301 297 ῙῙῙ
515 267 583 298 Ser.
604 267 650 296 ad
663 267 777 297 villam
797 278 841 297 m.
860 266 934 297 Dec.
955 278 984 297 (ι.
1007 270 1071 307 694
1090 267 1147 309 (60
1166 293 1172 298 .

590 343 765 374 CICERO
798 343 969 374 ATTICO
1004 344 1101 375 SAL.

147 433 163 459 1
239 421 422 468 Primum,
460 430 501 459 ut
536 421 686 471 opinor,
724 423 931 473 εὐαγγέλια.
994 422 1174 460 Valerius
1212 422 1416 460 absolutus
1455 430 1512 460 est

185 486 402 524 Hortensio
424 487 673 525 defendente.
737 488 784 525 Id
812 487 1003 525 iudicium
1025 487 1116 525 Auli
1139 487 1219 525 filio
1240 488 1510 525 condonatum

181 552 416 601 putabatur,
469 559 507 589 et
548 551 771 601 Epicratem
818 551 1004 601 suspicor,
1046 560 1088 590 ut
1136 552 1285 594 scribis,
1324 551 1511 589 lascivum

182 615 310 653 fuisse.
370 616 527 654 Etenim
559 615 654 653 mibi
689 616 837 665 caligae
869 615 952 654 eius
983 624 1021 654 et
1053 616 1195 654 fasciae
1227 624 1396 654 cretatae
1431 630 1511 655 non

181 681 401 730 placebant.
461 681 569 730 Quid
591 681 639 719 sit
661 681 831 719 sciemus
853 695 943 719 cum
965 682 1129 720 veneris.

138 756 162 783 2
236 747 508 784 Fenestrarum
537 746 736 796 angustias
766 748 875 796 quod
902 747 1169 796 reprehendis,
1190 747 1288 785 scito
1318 756 1355 785 te
1387 749 1512 797 Κύρου

179 811 344 850 παιδείαν
372 813 668 861 reprehendere.
731 813 834 849 Nam
856 825 946 849 cum
968 825 1041 860 ego
1062 811 1167 849 idem
1196 811 1294 849 istuc
1324 812 1508 859 dicerem,

179 877 303 925 Cyrus
323 876 452 915 aiebat
477 876 744 915 viridariorum
770 877 965 925 διαφάσεις
984 876 1071 914 latis
1092 876 1306 914 luminibus
1328 891 1407 914 non
1429 885 1508 916 tam

176 955 261 980 esse
282 941 410 980 suavis
425 957 435 989 3
469 941 615 981 etenim
642 944 737 980 ἔστω
763 944 845 992 ὄψις
872 945 940 992 μὲν
966 943 988 991 ἡ
1012 949 1046 986 cl,
1073 942 1115 979 τὸ
1142 942 1179 979 δὲ
1209 943 1391 991 ὁρώμενον
1409 932 1450 991 βξ,
1471 946 1506 993 ᾗ,

177 1009 316 1048 ἀκτῖνες
336 1007 373 1045 δὲ
394 998 415 1045 g
434 1008 493 1045 καὶ
511 1014 540 1045 ἐ.
602 1007 725 1046 Vides
746 1008 852 1046 enirn
873 1015 1012 1046 cetera.
1073 1008 1176 1045 Nam
1198 1007 1229 1045 Si
1251 1008 1328 1045 κατ’
1355 1008 1511 1046 εἰδώλων

177 1073 380 1122 ἐμπτώσεις
409 1072 642 1119 videremus,
676 1074 790 1111 valde
820 1074 1042 1111 laborarent
1074 1073 1207 1110 εἴδωλα
1236 1072 1277 1110 in
1308 1073 1506 1122 angustiis.

178 1139 297 1176 Nunc
319 1139 360 1176 fit
380 1137 510 1188 lepide
531 1137 595 1176 illa
625 1138 774 1189 ἔκχυσις
802 1138 1011 1176 radiorum.
1075 1139 1215 1177 Cetera
1245 1137 1276 1175 si
1306 1140 1510 1188 reprehen-

177 1203 290 1251 deris,
307 1218 387 1242 non
408 1205 507 1242 feres
528 1204 702 1251 tacitum,
721 1204 795 1243 nisi
812 1204 842 1242 si
859 1203 956 1254 quid
976 1203 1047 1242 erit
1068 1204 1151 1243 eius
1171 1203 1281 1242 modi
1302 1205 1410 1254 quod
1426 1204 1510 1243 sine

178 1277 336 1319 sumptu
357 1268 495 1318 corrigi
516 1269 648 1319 possit.

135 1342 159 1379 3
232 1334 360 1372 Venio
390 1347 495 1372 nunc
519 1336 570 1373 ad
597 1349 772 1374 mensem
803 1334 1029 1373 Ianuarium
1060 1343 1097 1373 et
1126 1336 1177 1373 ad
1207 1337 1416 1374 ὑπόστασιν
1444 1349 1510 1373 no-

178 1408 297 1437 stram
315 1413 361 1438 ac
381 1402 582 1444 πολιτείαν,
600 1401 639 1439 in
661 1415 739 1451 qua
761 1404 998 1452 Σωκρατικῶς
1025 1404 1074 1443 εἷς
1096 1403 1266 1452 ἑκάτερον
1286 1403 1355 1440 sed
1377 1410 1508 1440 tamen

175 1466 225 1503 ad
247 1473 473 1513 extremum,
498 1474 539 1504 ut
560 1466 613 1504 illi
635 1468 826 1513 solebant,
850 1468 917 1516 τὴν
939 1470 1181 1517 ἀρέσκουσαν.
1243 1469 1313 1504 Est
1334 1481 1392 1505 res
1414 1481 1507 1504 sane

176 1530 305 1580 magni
327 1531 492 1578 consili;
523 1545 613 1569 nam
644 1540 710 1569 aut
742 1532 890 1570 fortiter
921 1532 1181 1570 resistendum
1213 1540 1270 1570 est
1301 1532 1374 1581 legi
1404 1546 1507 1581 agra-

174 1594 262 1641 riae,
297 1594 336 1632 in
368 1609 448 1645 quo
477 1603 535 1634 est
567 1598 762 1646 quaedam
794 1597 997 1635 dimicatio
1028 1598 1097 1635 sed
1127 1599 1243 1646 plena
1273 1597 1411 1637 laudis.
1441 1605 1507 1634 aut

174 1660 472 1709 quiescendum,
495 1663 602 1711 quod
625 1670 682 1699 est
704 1676 783 1699 non
811 1662 1000 1700 dissimile
1026 1670 1144 1712 atque
1166 1662 1219 1700 ire
1240 1662 1278 1699 in
1301 1662 1506 1700 Solonium

173 1733 240 1764 aut
261 1726 439 1771 Antium,
460 1734 526 1764 aut
553 1727 670 1765 etiam
697 1727 982 1775 adiuvandum,
1005 1730 1113 1778 quod
1139 1742 1161 1765 a
1187 1742 1249 1766 me
1273 1728 1381 1766 aiunt
1413 1730 1508 1766 Cae-

174 1804 299 1829 sarem
330 1791 384 1829 sic
414 1800 637 1842 exspectare
665 1801 706 1830 ut
740 1807 819 1831 non
848 1793 1012 1831 dubitet.
1077 1795 1179 1831 Nam
1211 1794 1281 1831 fuit
1307 1795 1413 1843 apud
1445 1808 1507 1832 me

176 1856 393 1902 Cornelius⁷
417 1858 522 1895 hunc
549 1858 640 1896 dico
670 1859 848 1904 Balbum,
877 1859 1054 1898 Caesaris
1076 1858 1315 1896 familiarem.
1377 1860 1416 1896 Is
1442 1860 1507 1896 ad-

177 1922 355 1959 firmabat
388 1922 495 1960 illum
528 1923 714 1961 omnibus
747 1924 786 1962 in
816 1926 931 1962 rebus
967 1938 1054 1962 meo
1085 1932 1122 1963 et
1150 1923 1313 1973 Pompei
1341 1923 1506 1962 consilio

178 1999 337 2024 usurum
377 1988 640 2038 daturumque
686 2002 845 2039 operam
887 1998 927 2027 ut
968 2003 1057 2027 cum
1096 1988 1286 2038 Pompeio
1321 1989 1506 2027 Crassum

130 2060 156 2097 4
177 2052 441 2102 coniungeret.
504 2054 582 2092 Hic
610 2063 699 2092 sunt
725 2057 835 2096 haec,
857 2055 1084 2093 coniunctio
1113 2054 1206 2092 mihi
1235 2068 1388 2092 summa
1415 2068 1505 2092 cum

179 2117 379 2166 Pompeio,
404 2117 433 2155 si
462 2120 602 2168 placet,
624 2119 741 2157 etiarn
772 2133 862 2157 cum
895 2120 1075 2166 Caesare,
1103 2119 1249 2157 reditus
1279 2119 1317 2156 in
1342 2119 1503 2168 gratiam

1534 892 1571 914 [0

1529 1545 1569 1566 20

177 2196 266 2220 cum
289 2182 467 2229 inimicis,
490 2197 565 2233 pax
592 2198 682 2222 cum
707 2184 970 2230 multitudine,
994 2184 1204 2223 senectutis
1232 2184 1365 2221 otium.
1426 2185 1504 2223 Sed
1523 2192 1566 2223 30

179 2262 241 2286 me
263 2249 454 2289 κατακλεὶς
475 2262 562 2287 mea
584 2249 647 2286 illa
668 2257 892 2287 commovet
914 2262 1014 2298 quae
1036 2256 1093 2287 est
1115 2248 1153 2285 in
1175 2248 1273 2286 libro
1295 2248 1431 2286 tertio:

221 2363 239 2389 4
265 2351 342 2381 Auli
361 2352 426 2381 filio
451 2351 625 2381 Tnnslall:
649 2351 761 2384 Afilio.
777 2351 907 2389 hatiho,
929 2351 1056 2381 Katilio
1079 2350 1167 2381 codd.
1255 2360 1273 2388 5
1300 2350 1504 2389 Iphicratern

176 2395 252 2425 coni.
277 2395 399 2434 Zyrrcll
585 2405 622 2424 12
647 2396 753 2435 enim]
775 2395 837 2425 iam
859 2394 1043 2424 Corradus:
1069 2395 1213 2424 onn'ttcre
1229 2394 1300 2424 vult
1319 2393 1507 2434 [Vesenberg

177 2447 213 2475 31
243 2438 410 2467 κατακλεῖς
433 2437 625 2468 Turnebus:
652 2449 836 2478 κατακρεσις
854 2438 894 2467 Μ
