1773 2651
149 172 225 208 III.

210 457 224 484 1

204 2217 227 2254 3

245 172 290 207 ix
611 171 665 208 M.
698 171 866 207 TVLLI
899 170 1205 209 CICERONIS

292 288 357 322 IX
544 291 612 322 Ser.
640 291 879 321 Thessalonicae
895 290 941 321 Id.
962 291 1037 322 Iun.
1058 302 1089 322 a.
1109 292 1172 331 696
1190 291 1277 332 (58).

665 368 840 398 CICERO
865 368 1036 398 ATTICO
1062 368 1159 398 SAL.

301 446 473 495 Quintus
495 447 608 484 frater
633 460 723 483 cum
752 460 797 483 ex
825 445 919 483 Asia
947 446 1188 484 discessisset
1216 454 1306 484 ante
1334 448 1421 484 Kal.
1447 447 1573 485 Maias

245 520 282 550 et
314 513 490 550 Athenas
514 511 682 549 venisset
710 511 862 557 Idibus,
886 512 999 548 valde
1029 511 1100 548 fuit
1131 511 1165 549 ei
1193 513 1498 560 properandum,
1525 526 1574 550 ne

243 576 338 626 quid
368 577 510 614 absens
540 576 734 625 acciperet
765 575 1007 622 calamitatis,
1037 575 1067 613 si
1098 575 1184 625 quis
1214 577 1312 614 forte
1343 576 1477 614 fuisset
1508 576 1574 626 qui

243 649 452 679 contentus
492 641 632 679 nostris
673 640 783 678 malis
823 654 904 678 non
943 648 1055 679 esset.
1136 642 1275 690 Itaque
1319 655 1408 679 eum
1455 642 1574 679 malui

243 720 449 756 properare
486 708 657 744 Romam
692 719 811 756 quam
846 707 896 744 ad
932 720 994 744 me
1029 706 1160 744 venire
1199 714 1236 744 et
1275 706 1391 744 simul
1427 706 1573 757 (dicam

242 772 346 810 enim
381 773 490 822 quod
523 785 657 810 verum
693 779 764 819 est,
794 785 840 809 ex
873 784 953 821 quo
986 771 1298 821 magnitudinem
1332 771 1573 810 miseriarum

242 851 415 875 mearum
448 837 667 887 perspicere
695 836 838 887 possis)
866 836 1043 874 animum
1071 836 1258 875 inducere
1285 851 1364 874 non
1396 837 1506 886 potui
1532 846 1574 876 ut

240 911 306 940 aut
338 903 447 941 illum
487 902 801 941 amantissimum
837 902 914 940 mei
950 902 1182 941 mollissimo
1221 902 1354 940 animo
1389 910 1498 941 tanto
1533 902 1572 940 in

243 982 417 1006 maerore
456 967 671 1018 aspicerem
707 975 773 1005 aut
813 980 920 1005 meas
959 966 1133 1005 miserias
1173 968 1280 1005 luctu
1314 967 1496 1005 adflictus
1536 976 1573 1006 et

243 1033 435 1083 perditam
468 1034 665 1070 fortunam
693 1032 746 1070 illi
778 1033 956 1071 offerrem
986 1040 1053 1070 aut
1083 1033 1133 1070 ab
1163 1032 1229 1070 illo
1258 1032 1379 1082 aspici
1410 1041 1570 1082 paterer.

242 1100 374 1148 Atque
409 1098 527 1136 etiam
559 1097 656 1135 illud
688 1097 891 1145 timebam,
923 1098 1032 1147 quod
1064 1098 1240 1147 profecto
1272 1097 1492 1145 accidisset,
1525 1112 1574 1136 ne

241 1177 263 1200 a
284 1176 347 1201 me
364 1163 513 1212 digredi
535 1176 615 1200 non
636 1170 778 1212 posset.
821 1163 1061 1200 Versabatur
1078 1162 1172 1199 mihi
1195 1170 1349 1212 tempus
1371 1162 1465 1201 illud
1483 1171 1574 1201 ante

241 1229 377 1265 oculos
405 1241 525 1277 quom
548 1227 610 1265 ille
630 1235 697 1265 aut
722 1227 875 1265 lictores
897 1227 1109 1265 dimitteret
1129 1235 1195 1265 aut
1216 1227 1252 1264 vi
1279 1229 1508 1266 avelleretur
1529 1242 1574 1266 ex

243 1293 450 1341 complexu
472 1306 571 1330 meo.
624 1292 756 1329 Huius
777 1292 999 1330 acerbitatis
1020 1300 1204 1330 eventum
1226 1294 1345 1330 altera
1361 1293 1574 1331 acerbitate

241 1371 321 1395 non
342 1357 502 1396 videndi
529 1357 652 1394 fratris
674 1356 800 1394 vitavi.
862 1358 909 1394 In
937 1358 1042 1394 hunc
1071 1370 1133 1395 me
1160 1370 1295 1394 casum
1323 1371 1392 1395 vos
1418 1357 1573 1396 vivendi

241 1430 419 1460 auctores
441 1421 658 1472 impulistis.
713 1423 852 1471 Itaque
870 1421 946 1459 mei
967 1421 1118 1471 peccati
1141 1423 1207 1460 luo
1230 1435 1387 1471 poenas.
1428 1424 1572 1472 Quam-

242 1501 360 1537 quam
398 1501 459 1525 me
494 1496 583 1525 tuae
614 1487 762 1525 litterae
802 1495 1022 1525 sustentant
1058 1501 1104 1525 ex
1135 1487 1279 1537 quibus
1310 1496 1501 1537 quantum
1532 1496 1573 1526 tu

242 1553 324 1602 ipse
359 1566 489 1602 speres
524 1552 635 1590 facile
670 1552 888 1602 perspici03
927 1566 1028 1602 quae
1061 1553 1222 1603 quidem
1259 1562 1389 1592 tamen
1424 1553 1573 1603 aliquid

242 1618 441 1656 habebant
472 1617 591 1655 solaci
612 1626 703 1656 ante
733 1632 851 1667 quam
880 1632 928 1656 eo
948 1618 1088 1656 venisti
1115 1633 1138 1657 a
1167 1619 1368 1668 Pompeio.
1432 1619 1572 1656 ‘Nunc

245 1682 504 1721 Hortensium
532 1682 658 1721 adlice
686 1691 723 1720 et
748 1682 830 1721 eius
859 1683 967 1722 modi
988 1684 1114 1722 viros.'
1173 1683 1439 1731 Obsecro,‘mi
1462 1685 1575 1721 Pom-

244 1748 352 1798 poni,
384 1749 562 1786 nondum
602 1748 788 1798 perspicis
829 1763 997 1798 quorum
1037 1763 1168 1799 opera,
1203 1763 1369 1799 quorum
1410 1748 1574 1796 insidiis,

245 1827 412 1863 quorum
434 1815 579 1852 scelere
601 1813 858 1863 perierimus?
917 1816 995 1853 Sed
1018 1823 1148 1854 tecum
1170 1816 1267 1853 haec
1289 1813 1421 1852 onmia
1442 1827 1573 1852 coram

243 1892 429 1928 agemusg
459 1886 610 1916 tantum
642 1878 732 1917 dico
760 1881 868 1929 quod
896 1880 993 1918 scire
1021 1888 1058 1918 te
1088 1888 1195 1930 puto,
1219 1893 1290 1918 nos
1319 1893 1398 1917 non
1427 1878 1574 1917 inimici
1596 1893 1609 1913 2

245 1944 314 1981 sed
353 1943 474 1981 invidi
514 1943 778 1992 perdiderunt.
841 1946 960 1983 Nunc
999 1944 1030 1983 si
1070 1945 1122 1982 ita
1161 1952 1251 1982 sunt
1290 1958 1390 1994 quae
1430 1957 1574 1993 speras,

245 2008 525 2046 sustinebimus
556 2022 627 2047 nos
658 2017 695 2047 et
727 2023 795 2060 spe
828 2023 905 2059 qua
934 2009 1046 2047 iubes
1076 2009 1269 2057 nitemur3
1303 2009 1376 2053 sin,
1407 2017 1447 2046 ut
1480 2008 1574 2046 mihi

244 2075 435 2121 videntur,
470 2074 624 2113 infirma
659 2084 763 2122 sunt,
793 2077 902 2125 quod
937 2075 1088 2126 optimo
1123 2083 1299 2125 tempore
1333 2076 1459 2113 facere
1494 2088 1573 2112 non

246 2140 353 2178 licuit
375 2140 504 2178 minus
525 2140 672 2179 idoneo
693 2143 769 2180 fiet.

300 2205 485 2243 Terentia
520 2206 589 2244 tibi
620 2220 736 2256 saepe
770 2207 847 2256 agit
876 2206 1027 2256 gratias.
1088 2207 1189 2244 Mihi
1219 2206 1335 2245 etiam
1369 2220 1490 2244 unum
1524 2207 1574 2244 de

289 2307 308 2335 3
333 2299 538 2328 decessisset
562 2298 747 2339 IVcsenbetg
897 2309 931 2329 11
958 2300 1112 2329 adflictus
1130 2299 1215 2329 Reid
1227 2299 1292 2329 coll.
1314 2308 1359 2328 10.
1379 2309 1408 2331 2.
1429 2298 1510 2329 Pln‘l.
1528 2299 1570 2329 ix.

250 2351 309 2370 12:
334 2342 485 2371 adflictas
503 2341 589 2372 codd.
610 2354 614 2372 :
643 2343 769 2372 adflicti
798 2342 955 2382 Pluygers
1090 2352 1126 2381 15
1152 2342 1354 2372 avelleretur
1382 2341 1435 2371 Μῖ
1463 2342 1572 2381 vulg:

245 2383 449 2414 evelleretur
478 2384 530 2414 M¹
668 2396 707 2423 24
734 2386 848 2416 omnia
873 2396 936 2416 om.
968 2384 1059 2415 EZII
1188 2387 1230 2415 26
1254 2385 1316 2426 ita]
1348 2386 1412 2416 ista
1439 2384 1572 2418 Sclzz’itz,

243 2427 279 2466 cf.
301 2427 402 2457 Deiol.
428 2438 463 2466 17
687 2431 728 2458 28
752 2429 883 2459 infirma
908 2435 983 2459 sunt
1002 2429 1036 2461 I:
1073 2430 1167 2459 firma
1192 2434 1270 2459 sunt
1296 2427 1352 2459 Μῑ
1386 2428 1452 2458 secl.
1481 2428 1575 2458 Cobet

244 2476 398 2509 tempore
418 2470 516 2503 Rom.
534 2483 539 2500 :
567 2482 691 2510 genere
712 2472 779 2502 CM

1594 588 1610 619 5

1596 919 1633 940 10

1597 1242 1632 1273 15

1595 1568 1634 1590 20

1595 2222 1633 2251 30
