1732 2661
74 891 112 912 10

67 1543 107 1564 20

65 2192 105 2222 30

542 182 654 218 EPP.
688 182 765 217 ΑΓ)
796 179 1054 217 ATTICVM
1405 177 1458 214 II.
1477 176 1554 212 xix

135 293 242 330 Huic
274 293 325 330 ita
356 294 534 342 plausum
564 300 621 330 est
650 300 691 329 ut
720 293 825 328 salva
855 305 893 328 re
920 290 1078 340 publica
1108 289 1300 339 Pompeio
1330 288 1462 339 plaudi

133 359 293 396 solebat.
355 357 463 395 Tulit
486 359 631 396 Caesar
651 356 825 406 graviter.
890 355 1058 392 Litterae
1079 356 1258 404 Capuam
1280 355 1330 391 ad
1354 356 1467 391 Pom-

132 423 264 473 peium
313 424 443 460 volare
491 421 733 460 dicebantur.
814 419 970 458 Inimici
1013 427 1122 457 erant
1161 419 1360 468 equitibus
1400 418 1467 468 qui

133 487 296 526 Curioni
324 495 469 525 stantes
500 488 734 537 plauserant,
767 487 900 523 hostes
928 484 1139 531 omnibus3
1180 483 1350 522 Rosciae
1379 483 1465 533 legi,

133 553 250 590 etiam
290 552 566 590 frumentariae
605 551 897 589 minitabantur.
968 551 1071 587 Sane
1103 562 1164 587 res
1204 556 1284 587 erat
1323 557 1467 598 pertur-

133 618 233 655 bata.
305 617 504 666 Equidem
539 618 753 654 malueram
789 616 898 666 quod
933 622 1013 653 erat
1047 622 1273 664 susceptum
1308 614 1358 651 ab
1394 613 1467 651 illis

131 681 287 719 silentio
327 681 492 728 transiri,
531 682 600 719 sed
640 694 774 718 vereor
814 694 863 718 ne
903 693 983 718 non
1020 679 1145 717 liceat.
1206 680 1299 716 Non
1339 680 1467 716 ferunt

132 746 313 784 homines
344 747 453 796 quod
477 746 631 784 videtur
660 758 745 783 esse
775 753 908 782 tamen
939 745 1171 791 ferendum,·
1206 744 1275 781 sed
1304 751 1361 781 est
1389 743 1465 781 iam

132 825 211 849 una
230 825 305 850 vox
327 811 505 850 omnium
528 810 651 860 magis
674 810 768 848 odio
790 812 941 847 firmata
963 823 1081 859 quam
1104 809 1309 859 praesidio.

186 878 330 915 Noster
350 886 482 915 autem
508 876 672 914 Publius
700 875 796 913 mihi
823 875 1033 923 minitatur,
1056 874 1240 913 inimicus
1261 882 1329 913 est.
1391 876 1467 913 Im·
1485 881 1512 919 4

130 943 277 991 pendet
312 941 526 991 negotium,
560 942 610 979 ad
643 941 752 990 quod
788 948 829 978 tu
865 940 1011 978 scilicet
1043 939 1258 978 advolabis.
1318 939 1467 978 Videor

130 1005 226 1043 mihi
247 1015 424 1045 nostrum
441 1006 551 1044 illum
566 1007 813 1044 consularem
831 1004 1044 1043 exercitum
1059 1005 1255 1043 bonorum
1273 1004 1462 1051 omnium,

129 1072 246 1110 etiam
279 1080 337 1110 sat
366 1073 563 1110 bonorum
594 1071 739 1109 habere
770 1069 1048 1107 firmissimum.
1110 1069 1322 1119 Pompeius
1353 1069 1466 1119 signi-

129 1137 218 1174 ficat
239 1136 414 1174 studium
431 1150 519 1186 erga
541 1149 604 1173 me
625 1149 705 1173 non
728 1135 927 1172 mediocre
945 1149 952 1179 ;
982 1134 1088 1173 idem
1105 1135 1285 1172 adfirmat
1302 1134 1464 1172 verbum

128 1203 178 1239 de
204 1215 268 1239 me
293 1201 402 1239 illum
433 1215 514 1239 non
544 1214 629 1238 esse
657 1202 879 1247 facturum3
910 1199 949 1237 in
977 1213 1057 1250 quo
1083 1213 1164 1238 non
1191 1213 1253 1238 me
1280 1199 1343 1237 ille
1369 1199 1465 1237 fallit

127 1268 197 1304 sed
219 1266 301 1316 ipse
322 1266 474 1303 fallitur.
518 1265 719 1305 Cosconio
749 1273 905 1303 mortuo
931 1278 1017 1302 sum
1047 1264 1086 1302 in
1115 1264 1197 1303 eius
1218 1266 1349 1303 locum
1371 1263 1465 1301 invi-

127 1340 239 1369 tatus.
302 1332 350 1369 Id
377 1339 458 1369 erat
485 1331 615 1369 vocari
646 1330 685 1368 in
714 1332 845 1368 locum
877 1329 1030 1367 mortui.
1093 1329 1202 1367 Nihil
1230 1343 1292 1367 me
1313 1328 1463 1379 turpius

126 1397 232 1445 apud
263 1396 443 1434 homines
465 1396 601 1434 fuisset
622 1409 752 1445 neque
773 1409 865 1433 vero
885 1396 936 1433 ad
959 1395 1072 1432 istam
1095 1395 1220 1444 ipsam
1248 1396 1464 1443 ἀσφάλειαν

126 1461 338 1511 quicquam
363 1461 539 1500 alienius.
611 1463 709 1499 Sunt
744 1460 849 1498 enim
881 1459 934 1497 illi
967 1461 1073 1509 apud
1106 1461 1233 1498 bonos
1265 1459 1458 1506 invidiosi,

126 1541 199 1577 ego
232 1528 338 1577 apud
370 1527 573 1577 improbos
608 1540 737 1564 meam
772 1525 1019 1563 retinuissem
1055 1525 1253 1571 invidiam,
1290 1524 1458 1563 alienam

124 1593 443 1643 adsumpsissem.
506 1595 650 1632 Caesar
677 1606 741 1630 me
768 1591 841 1629 sibi
863 1593 945 1628 vult
972 1604 1057 1629 esse
1081 1592 1262 1640 legatum.
1324 1592 1458 1629 Hone-
1478 1601 1503 1640 5

125 1658 217 1696 stior
247 1659 459 1697 declinatio
489 1660 587 1696 haec
618 1656 804 1708 periculi3
845 1657 915 1694 sed
946 1669 1019 1705 ego
1054 1657 1130 1694 hoc
1166 1669 1245 1694 non
1281 1655 1456 1705 repudio.

125 1724 233 1771 Quid
255 1738 345 1774 ergo
367 1726 455 1762 est?
483 1737 657 1774 pugnare
682 1724 797 1760 malo.
858 1720 968 1759 Nihil
991 1728 1123 1758 tamen
1144 1720 1248 1758 certi.
1311 1722 1459 1759 Iterum

124 1789 214 1827 dico
248 1789 420 1827 ‘utinam
449 1790 654 1827 adessesl'
713 1789 790 1826 Sed
821 1795 954 1824 tamen
975 1786 1013 1824 si
1041 1786 1111 1824 erit
1139 1799 1311 1833 necesse,
1337 1800 1460 1825 arces-

125 1867 265 1892 semus.
333 1855 442 1903 Quid
473 1854 610 1892 aliud?
651 1853 777 1903 quid?
845 1853 937 1889 Hoc
973 1851 1122 1901 opinor.
1185 1850 1291 1890 Certi
1323 1864 1459 1889 sumus

124 1919 269 1968 perisse
299 1919 456 1966 omnia3
486 1919 582 1968 quid
613 1918 718 1957 enim
747 1917 969 1967 ἀκκιζόμεθα
998 1924 1077 1954 tam
1108 1916 1205 1954 diu?

177 1985 254 2022 Sed
276 1985 373 2022 haec
394 1983 530 2033 scripsi
547 1996 759 2033 properans
781 1990 818 2020 et
836 1996 898 2019 me
916 1983 1074 2019 hercule
1096 1980 1243 2019 timide.
1286 1982 1457 2019 Posthac

122 2051 172 2087 ad
205 2058 242 2087 te
276 2058 356 2093 aut,
388 2049 418 2086 si
453 2050 681 2099 perfidelem
714 2048 872 2085 habebo
907 2047 969 2085 cui
1000 2048 1106 2093 dem,
1137 2047 1304 2084 scribam
1340 2049 1456 2096 plane

124 2115 258 2152 omnia
284 2123 360 2160 aut,
385 2114 417 2151 si
447 2115 613 2152 obscure
635 2113 815 2159 scribam,
839 2121 881 2150 tu
901 2120 1034 2150 tamen
1057 2111 1270 2161 intelleges.
1332 2113 1379 2150 In
1410 2112 1455 2149 iis

125 2178 301 2228 epistulis
332 2192 395 2216 me
426 2178 614 2224 Laelium,
650 2186 687 2216 te
719 2177 878 2216 Furium
910 2177 1076 2224 faciamg
1115 2184 1243 2215 cetera
1274 2184 1386 2214 erunt
1419 2180 1456 2215 ἐν

122 2247 310 2293 αἰνιγμοῖς.
371 2244 451 2281 Hic
473 2243 690 2282 Caecilium
712 2242 878 2281 colimus
900 2250 937 2280 et
959 2243 1213 2280 observamus
1235 2241 1450 2291 diligenter.

166 2360 182 2388 7
208 2350 344 2379 transiri
362 2348 476 2380 filum:
503 2349 568 2379 -i1e
586 2348 626 2377 M
774 2359 812 2378 10
838 2347 990 2378 inimicus
1007 2353 1057 2378 est
1075 2347 1142 2378 secl.
1170 2348 1320 2378 Evuesti:
1345 2346 1452 2376 inimi-

121 2394 194 2423 cius
209 2394 288 2423 coni.
308 2393 393 2421 Boot
520 2402 556 2431 13
581 2397 631 2422 sat
656 2391 742 2422 Reid
762 2393 828 2422 coll.
850 2390 1089 2431 Laudgmfad
1103 2391 1196 2422 Rosc.
1217 2391 1298 2421 Am.
1313 2396 1347 2431 p.
1366 2400 1449 2428 299:

120 2437 200 2466 satis
219 2435 306 2466 codd.
452 2446 488 2474 14
515 2436 661 2465 studium
689 2446 753 2466 0111.
786 2434 838 2464 Ml
958 2446 994 2474 17
1021 2436 1064 2464 mi
1082 2434 1214 2464 Ernesti
1314 2444 1354 2472 24
1379 2437 1453 2463 aule

119 2489 330 2509 arcessemus
347 2478 484 2510 addend.
507 2485 539 2508 te
559 2480 636 2509 coni.
662 2478 859 2518 Il'csenbelg,
881 2478 987 2516 sedzf
1009 2489 1060 2508 20.
1083 2488 1102 2507 2
