1773 2651
191 158 238 195 V.
258 158 334 194 xix
657 159 713 195 M.
745 159 914 196 TVLLI
947 159 1254 197 CICERONIS

245 278 269 305 2
290 270 528 307 Messallam.
590 269 745 308 Itineris
776 269 897 308 nostri
927 271 1072 307 famam
1101 271 1151 308 ad
1182 277 1220 308 te
1249 270 1472 320 pervenisse
1501 272 1623 310 laetor

289 334 491 385 magisque
520 335 696 372 laetabor
719 334 750 371 si
778 333 927 384 reliqua
957 334 1148 384 cognoris.
1209 335 1389 373 Filiolam
1417 343 1525 374 tuam
1552 335 1623 374 tibi

287 403 309 439 †
324 399 399 438 iam
423 401 577 437 Romae
592 404 612 439 †
635 399 850 437 iucundam
878 412 963 437 esse
989 401 1154 449 gaudeo,
1179 413 1346 450 eamque
1368 414 1485 450 quam
1514 414 1624 438 num-

287 478 407 514 quam
442 465 521 503 vidi
561 472 693 502 tamen
733 472 771 502 et
805 477 896 502 amo
935 472 973 502 et
1011 464 1223 503 amabilem
1263 478 1348 504 esse
1387 474 1493 504 certo
1528 465 1620 504 scio.

289 529 419 567 Etiam
447 537 565 579 atque
593 529 711 567 etiam
739 530 833 567 vale.
1644 542 1660 572 5

245 608 270 645 3
344 596 405 632 De
436 596 604 632 Patrone
639 602 677 632 et
709 593 784 631 tuis
817 593 1098 644 condiscipulis
1133 608 1234 644 quae
1266 596 1316 633 de
1350 595 1549 644 parietinis
1583 595 1623 632 in

290 659 428 698 Melita
457 659 629 697 laboravi
665 672 711 697 ea
745 658 816 696 tibi
850 667 957 708 grata
992 673 1076 698 esse
1110 661 1274 709 gaudeo.
1336 661 1457 709 Quod
1488 660 1623 698 scribis

286 724 434 762 libente
464 733 501 762 te
532 725 727 774 repulsam
758 723 892 761 tulisse
927 737 1017 762 eum
1048 724 1116 774 qui
1151 738 1241 762 cum
1277 725 1419 763 sororis
1449 733 1539 763 tuae
1569 725 1623 763 fili

286 797 425 840 patruo
460 789 627 837 certarit,
659 789 790 839 magni
825 789 968 828 amoris
1003 789 1169 839 signum.
1232 791 1372 839 Itaque
1407 804 1470 829 me
1504 790 1622 828 etiam

285 854 527 892 admonuisti
548 862 590 892 ut
610 855 842 904 gauderem3
867 869 958 893 nam
980 855 1076 893 mihi
1098 855 1136 892 in
1159 863 1332 894 mentem
1355 869 1435 894 non
1452 863 1619 894 venerat.
1645 866 1683 888 10

287 923 295 939 ‘
314 922 407 958 Non
429 921 568 959 credo'
591 920 731 970 inquis.
792 922 846 958 Vt
867 920 962 959 libet
978 935 986 967 3
1022 922 1091 959 sed
1112 922 1228 971 plane
1248 922 1413 971 gaudeo,
1433 920 1623 972 quoniam

285 987 327 1024 τὸ
348 990 508 1036 νεμεσᾶν
527 985 687 1025 interest
707 989 772 1025 τοῦ
792 986 953 1035 φθονεῖν.

330 1109 416 1143 ΧΧ
471 1112 540 1143 Scr.
560 1112 592 1142 in
613 1111 720 1143 Cilicia
737 1113 821 1142 inter
835 1123 864 1143 a.
884 1111 914 1143 d.
933 1112 983 1142 xii
995 1115 1023 1141 cl
1038 1112 1068 1142 iv
1084 1111 1127 1142 K.
1149 1111 1222 1143 Ian.
1241 1123 1271 1142 a.
1295 1122 1349 1152 705
1367 1112 1451 1152 (51).

711 1190 888 1221 CICERO
912 1189 1084 1221 ATTICO
1110 1190 1211 1221 SAL.

251 1281 267 1307 1
340 1268 610 1308 Saturnalibus
656 1282 772 1306 mane
818 1281 859 1306 se
905 1267 1000 1305 mihi
1050 1267 1338 1306 Pindenissitae
1384 1268 1621 1307 dediderunt
1644 1285 1680 1316 ¹5

286 1335 455 1385 septimo
494 1342 532 1372 et
571 1333 901 1384 quinquagesimo
936 1333 1000 1371 die
1036 1341 1246 1383 postquam
1287 1347 1515 1383 oppugnare
1553 1348 1621 1372 eos

285 1400 500 1450 coepimus.
577 1399 679 1448 ‘Qui
721 1400 892 1436 malum!
942 1398 1003 1436 isti
1045 1398 1333 1437 Pindenissitae
1373 1399 1439 1448 qui
1481 1400 1622 1437 sunt?'

286 1465 464 1515 inquiesg
508 1468 677 1502 ‘nomen
716 1463 848 1502 audivi
888 1464 1132 1513 numquam.'
1191 1463 1300 1512 Quid
1340 1476 1413 1513 ego
1452 1463 1622 1501 faciam?

286 1545 381 1568 num
413 1530 524 1580 potui
560 1529 740 1569 Ciliciam
773 1529 971 1567 Aetoliam
1007 1537 1073 1567 aut
1107 1528 1388 1567 Macedoniam
1428 1530 1622 1567 reddere?

287 1598 379 1634 Hoc
402 1596 478 1634 iarn
501 1595 555 1633 sic
578 1595 724 1633 habeto
752 1608 826 1633 nec
847 1596 923 1632 hoc
952 1594 1122 1633 exercitu
1151 1607 1214 1631 nec
1233 1594 1296 1632 hic
1327 1601 1434 1632 tanta
1463 1594 1620 1644 negotia
1642 1611 1681 1632 20

285 1661 363 1710 geri
395 1661 579 1711 potuisse.
641 1662 754 1709 Quae
784 1673 981 1709 cognosce
1012 1664 1050 1698 ἐν
1081 1661 1262 1710 ἐπιτομῇ;
1306 1659 1360 1697 sic
1390 1659 1495 1697 enirn
1531 1673 1621 1698 con-

285 1727 393 1765 cedis
426 1726 522 1764 mihi
553 1725 738 1776 proximis
769 1725 918 1763 litteris.
991 1727 1195 1775 Ephesum
1226 1732 1268 1763 ut
1299 1725 1471 1763 venerim
1503 1724 1616 1771 nosti,

286 1792 352 1841 qui
388 1792 504 1830 etiam
546 1791 641 1829 mihi
680 1792 893 1840 gratulatus
928 1804 968 1828 es
1001 1790 1102 1828 illius
1135 1790 1213 1828 diei
1245 1790 1512 1828 celebritatem
1544 1804 1621 1840 qua

286 1857 383 1895 nihil
415 1871 478 1895 me
509 1870 698 1906 umquam
734 1855 943 1894 delectavit
978 1855 1110 1906 magis.
1173 1856 1273 1893 Inde
1307 1856 1348 1892 in
1382 1855 1539 1904 oppidis
1574 1855 1618 1893 iis

286 1927 411 1972 'tquae
450 1925 583 1961 erant†
623 1920 850 1959 mirabiliter
891 1920 1043 1970 accepti
1083 1920 1321 1959 Laodiceam
1361 1920 1485 1969 pridie
1527 1923 1613 1958 Kal.
1639 1936 1678 1968 ²5

286 1987 439 2026 Sextilis
469 1987 658 2025 venimus.
721 1986 782 2024 Ibi
818 1985 956 2024 morati
992 1985 1157 2024 biduum
1193 1984 1443 2035 perinlustres
1474 1985 1618 2023 fuimus

330 2091 349 2119 3
373 2081 436 2110 iam
456 2079 602 2119 Romae]
624 2089 735 2109 caram
754 2089 791 2108 ac
811 2077 950 2108 Mz‘illcr:
986 2083 1050 2107 tam
1071 2083 1231 2108 moratam
1251 2081 1340 2106 ‹tmn
1360 2077 1522 2110 iucunde‘i
1540 2079 1617 2109 roni.

290 2123 432 2163 Tyrrell:
466 2124 528 2154 iam
553 2129 672 2153 natura
697 2122 871 2152 Lehmann
890 2122 956 2152 coll.
980 2122 1035 2151 vii.
1055 2132 1084 2152 2.
1105 2133 1143 2159 4:
1171 2122 1288 2150 malim
1307 2121 1370 2150 iarn
1389 2121 1468 2160 ὁρμῇ
1486 2122 1522 2160 cf
1543 2122 1615 2153 Fz'n.

285 2168 326 2197 ἰν.
354 2177 407 2205 39,
437 2167 501 2207 Off.
542 2167 561 2196 ii
606 2168 643 2196 18
775 2164 889 2204 qnam]
930 2175 1132 2203 quamquam
1172 2164 1294 2194 Miiller
1446 2175 1462 2202 7
1501 2165 1618 2195 Melita

287 2209 447 2240 Cass-ends
461 2211 527 2240 coll.
549 2210 643 2249 Dsog.
662 2209 704 2238 L.
721 2220 752 2239 x,
778 2219 812 2246 17
831 2220 835 2238 :
863 2208 981 2238 militia
998 2208 1086 2239 codd.
1224 2209 1243 2236 8
1268 2207 1394 2238 libente
1413 2213 1445 2237 te
1464 2208 1616 2247 Lipsius:

285 2254 428 2284 libenter
446 2254 486 2283 M
650 2264 670 2290 9
695 2253 830 2282 certarit
848 2251 989 2282 Mallem
1015 2256 1159 2282 certarat
1179 2251 1205 2280 L
1225 2253 1368 2291 (mangi
1385 2263 1391 2281 :
1417 2256 1562 2282 certaret
1580 2251 1623 2280 M

284 2307 326 2327 20
351 2307 412 2327 nec
430 2297 506 2327 add.
534 2296 636 2327 Orelli
775 2306 816 2333 23
840 2295 1071 2325 celebritatem
1093 2295 1209 2325 codices
1226 2294 1454 2335 Malaspinae:
1479 2300 1562 2325 -tate
1580 2295 1622 2324 M

284 2351 324 2378 24
351 2341 383 2370 in
403 2341 478 2371 add.
498 2340 687 2379 Hs'ssmbeaeg
786 2349 826 2377 25
851 2349 938 2377 quae
963 2339 1077 2370 erant]
1093 2349 1158 2377 qua
1176 2339 1240 2368 iter
1251 2343 1321 2368 erat
1337 2339 1413 2368 coni.
1428 2338 1511 2368 Boot
1527 2350 1534 2368 ε
1551 2349 1616 2369 oua

284 2384 387 2414 ieram
418 2384 559 2413 Bosms:
596 2394 682 2422 quae
710 2387 806 2413 erant
839 2383 872 2413 in
906 2382 1025 2413 itinere
1062 2381 1272 2423 ch'scnbetg:
1305 2391 1390 2421 quae
1420 2386 1517 2412 erant
1542 2380 1616 2421 πρὸς

282 2427 448 2469 Μαιάνδρῳ
465 2428 542 2458 com'.
570 2426 691 2468 sywell
