1732 2661
185 167 214 204 Ι.
234 167 325 202 xvii
590 168 644 204 M.
677 168 845 204 TVLLI
879 167 1186 205 CICERONIS

268 347 403 382 XVII
562 351 630 382 Ser.
653 352 783 382 Romae
798 352 883 383 Non.
905 352 977 383 Dec.
999 363 1029 382 a.
1049 353 1107 391 693
1128 352 1206 393 (61).

639 440 814 470 ClCERO
840 440 1012 470 ATTICO
1040 441 1135 471 SAL.

187 537 204 564 1
279 529 425 577 Magna
448 527 542 564 mihi
564 527 727 565 varietas
748 527 960 566 voluntatis
987 536 1025 566 et
1051 528 1331 567 dissimilitudo
1357 527 1555 578 opinionis

224 605 269 629 ac
294 592 413 630 iudici
436 592 574 640 Quinti
605 592 728 630 fratris
757 592 833 630 mei
862 594 1130 631 demonstrata
1157 602 1215 632 est
1242 608 1288 632 ex
1316 593 1451 631 litteris
1479 593 1555 631 tuis

224 655 262 693 in
284 656 427 706 quibus
458 658 508 695 ad
540 671 602 695 me
629 657 884 707 epistularum
916 657 1017 696 illius
1047 659 1225 708 exempla
1256 657 1404 695 misisti.
1465 659 1556 706 Qua
1577 666 1593 697 5

223 735 269 758 ex
291 735 329 759 re
357 729 393 759 et
422 721 601 760 molestia
631 736 717 760 sum
749 730 857 760 tanta
886 724 1078 770 adfectus,
1100 732 1287 772 quantam
1318 722 1413 760 mihi
1444 736 1555 760 meus

222 799 333 824 amor
366 800 543 824 summus
579 800 668 836 erga
702 795 913 836 utrumque
947 796 1118 825 vestrum
1153 789 1304 825 adferre
1337 786 1483 833 debuit,
1517 795 1555 825 et

221 851 482 889 admiratione
503 851 694 901 quidnam
715 852 923 890 accidisset
945 853 1053 901 quod
1081 853 1248 890 adferret
1271 851 1422 900 Quinto
1450 851 1553 889 fratri

223 928 312 954 meo
332 924 399 953 aut
420 916 681 954 offensionem
709 925 788 954 tam
815 930 971 966 gravem
999 924 1066 954 aut
1093 916 1445 954 commutationem
1473 924 1553 953 tan-

221 988 301 1017 tam
329 981 550 1018 voluntatis.
611 983 744 1031 Atque
773 981 868 1020 illud
889 995 912 1019 a
936 995 999 1020 me
1025 981 1101 1019 iam
1127 989 1217 1019 ante
1242 981 1549 1030 intellegebatur,
1576 995 1612 1016 10

220 1047 329 1094 quod
356 1054 392 1083 te
413 1059 572 1096 quoque
601 1046 729 1096 ipsum
759 1046 1031 1085 discedentem
1053 1060 1076 1084 a
1096 1046 1212 1084 nobis
1240 1046 1429 1096 suspicari
1450 1046 1554 1084 vide-

220 1110 323 1157 bam,
339 1112 500 1150 subesse
518 1111 652 1150 nescio
669 1112 765 1161 quid
780 1112 978 1162 opinionis
995 1112 1275 1150 incommodae
1296 1111 1553 1160 sauciumque

221 1188 305 1213 esse
326 1176 408 1214 eius
429 1177 605 1214 animum
628 1184 665 1215 et
687 1177 877 1215 insedisse
899 1178 1091 1227 quasdam
1113 1176 1271 1214 odiosas
1293 1176 1548 1226 suspiciones.

221 1240 377 1288 Quibus
398 1254 471 1291 ego
499 1241 647 1280 mederi
675 1256 765 1280 cum
793 1256 977 1292 cuperem
1006 1250 1121 1280 antea
1149 1255 1266 1291 saepe
1287 1249 1324 1279 et
1345 1242 1553 1279 vehemen-

220 1304 295 1343 tius
316 1305 433 1343 etiam
456 1314 543 1356 post
565 1306 810 1344 sortitionem
832 1306 1066 1356 provinciae,
1084 1320 1157 1344 nec
1183 1314 1335 1344 tantum
1357 1305 1552 1356 intellege-
1575 1319 1609 1350 15

220 1370 311 1408 bam
342 1371 376 1409 ei
407 1385 491 1410 esse
519 1371 746 1410 offensionis
774 1380 966 1421 quantum
997 1372 1146 1410 litterae
1177 1380 1266 1409 tuae
1296 1372 1549 1417 declararant,

176 1445 200 1471 2
220 1449 293 1473 nec
314 1443 466 1474 tantum
488 1436 742 1486 proficiebam
764 1445 957 1487 quantum
978 1438 1170 1476 volebam.
1222 1438 1299 1475 Sed
1321 1445 1452 1475 tamen
1475 1438 1551 1475 hoc

219 1514 283 1539 me
312 1500 395 1551 ipse
422 1502 656 1539 consolabar
684 1503 794 1552 quod
823 1516 904 1540 non
936 1502 1168 1541 dubitabam
1199 1502 1294 1552 quin
1325 1511 1362 1541 te
1391 1502 1455 1540 ille
1484 1511 1549 1540 aut

220 1565 409 1614 Dyrrachi
429 1574 496 1603 aut
517 1566 556 1603 in
584 1566 665 1604 istis
693 1566 788 1605 locis
813 1567 966 1617 uspiam
988 1567 1138 1605 visurus
1167 1575 1292 1611 esset;
1323 1568 1430 1617 quod
1458 1581 1547 1605 cum

216 1630 433 1677 accidisset,
457 1632 709 1669 confidebam
736 1645 782 1670 ac
813 1632 908 1669 mihi
939 1646 1207 1683 persuaseram
1235 1634 1316 1671 fore
1345 1641 1385 1670 ut
1415 1633 1547 1671 omnia
1571 1649 1609 1670 20

216 1696 461 1744 placarentur
490 1696 590 1734 inter
619 1710 688 1734 vos
721 1711 800 1735 non
836 1699 958 1736 modo
990 1712 1170 1736 sermone
1204 1712 1249 1736 ac
1282 1698 1548 1747 disputatione

216 1761 286 1798 sed
313 1768 528 1810 conspectu
558 1761 644 1811 ipso
671 1775 964 1812 congressuque
994 1771 1133 1801 vestro.
1195 1764 1297 1800 Nam
1326 1770 1472 1812 quanta
1499 1763 1547 1800 sit

216 1824 254 1862 in
291 1824 442 1874 Quinto
481 1826 595 1863 fratre
635 1839 723 1864 meo
762 1827 940 1869 comitas,
973 1835 1120 1878 quanta
1159 1827 1392 1873 iucunditas,
1427 1841 1545 1877 quam

214 1889 342 1927 mollis
363 1889 517 1928 animus
539 1898 576 1928 et
605 1892 655 1928 ad
683 1891 957 1941 accipiendam
983 1900 1020 1930 et
1047 1893 1098 1930 ad
1126 1893 1405 1941 deponendam
1427 1893 1546 1930 ofsen-

213 1954 377 2001 sionem,
400 1954 496 1992 nihil
525 1955 664 1993 attinet
695 1970 758 1994 me
787 1958 838 1994 ad
865 1965 903 1995 te
928 1957 994 2007 qui
1020 1971 1065 1995 ea
1095 1956 1197 1995 nosti
1227 1956 1405 1994 scribere.
1466 1959 1543 1995 Sed
1567 1974 1604 2005 25

211 2019 355 2057 accidit
382 2019 708 2068 perincommode
736 2022 845 2070 quod
873 2035 963 2059 eum
995 2035 1189 2071 nusquam
1211 2020 1351 2059 vidisti.
1411 2021 1544 2059 Valuit

212 2084 318 2122 enim
339 2086 426 2133 plus
447 2086 556 2134 quod
585 2094 664 2123 erat
692 2086 745 2123 illi
774 2099 853 2124 non
881 2088 1078 2125 nullorum
1105 2085 1276 2124 artificiis
1303 2085 1543 2124 inculcatum

213 2162 330 2198 quam
352 2157 419 2187 aut
440 2149 612 2188 officium
638 2158 704 2188 aut
730 2150 980 2189 necessitudo
1007 2158 1073 2189 aut
1099 2164 1210 2188 amor
1230 2157 1355 2188 vester
1381 2150 1444 2188 ille
1472 2150 1543 2200 pri-

171 2223 195 2260 3
213 2213 347 2260 stinus,
364 2213 431 2263 qui
452 2214 664 2264 plurimum
681 2217 808 2253 valere
829 2215 976 2253 debuit.
1018 2217 1150 2265 Atque
1166 2214 1281 2252 huius
1297 2214 1542 2253 incommodi

213 2280 328 2327 culpa
348 2278 415 2316 ubi
437 2279 603 2317 resideat
625 2280 775 2318 facilius
796 2294 956 2329 possum
975 2280 1193 2318 existimare
1209 2294 1327 2329 quam
1349 2281 1540 2328 scribere3
1562 2295 1601 2324 30

257 2392 293 2420 14
318 2386 392 2412 (mle
407 2387 508 2413 antea
526 2383 600 2413 add.
622 2388 654 2413 et
674 2383 692 2412 I
834 2385 871 2413 16
895 2384 1070 2414 declarant
1087 2384 1155 2414 EI:
1181 2384 1392 2414 declararunt
1414 2383 1537 2414 chscn-

210 2425 285 2465 berg
414 2437 453 2464 24
474 2428 570 2465 prius
587 2433 620 2456 et
640 2431 684 2458 Σε
708 2437 770 2456 οηι.
791 2432 818 2456 Δ
