<?xml version="1.0" encoding="UTF-8"?>
<!DOCTYPE html PUBLIC "-//W3C//DTD XHTML 1.0 Transitional//EN"
    "http://www.w3.org/TR/xhtml1/DTD/xhtml1-transitional.dtd">
<html xmlns="http://www.w3.org/1999/xhtml" xml:lang="en" lang="en">
 <head>
  <title>
</title>
<meta http-equiv="Content-Type" content="text/html;charset=utf-8" />
  <meta name='ocr-system' content='tesseract 3.04.00' />
  <meta name='ocr-capabilities' content='ocr_page ocr_carea ocr_par ocr_line ocrx_word'/>
</head>
<body>
  <div class='ocr_page' id='page_1' title='image "./p1epistulaerecog02ciceuoft_0259.png"; bbox 0 0 1773 2651; ppageno 0'>
   <div class='ocr_carea' id='block_1_1' title="bbox 0 1993 4 2498">
    <p class='ocr_par' dir='ltr' id='par_1_1' title="bbox 0 1993 4 2498">
     <span class='ocr_line' id='line_1_1' title="bbox 0 1993 4 2498; baseline 0 0"><span class='ocrx_word' id='word_1_1' title='bbox 0 1993 4 2498; x_wconf 95' lang='lat' dir='ltr'> </span> 
     </span>
    </p>
   </div>
   <div class='ocr_carea' id='block_1_2' title="bbox 0 1993 5 2498">
    <p class='ocr_par' dir='ltr' id='par_1_2' title="bbox 0 1993 5 2498">
     <span class='ocr_line' id='line_1_2' title="bbox 0 1993 5 2498; baseline 0 0"><span class='ocrx_word' id='word_1_2' title='bbox 0 1993 5 2498; x_wconf 95' lang='lat' dir='ltr'> </span> 
     </span>
    </p>
   </div>
   <div class='ocr_carea' id='block_1_3' title="bbox 583 169 1608 211">
    <p class='ocr_par' dir='ltr' id='par_1_3' title="bbox 583 169 1608 211">
     <span class='ocr_line' id='line_1_3' title="bbox 583 169 1608 211; baseline -0.005 -1"><span class='ocrx_word' id='word_1_3' title='bbox 583 174 694 210; x_wconf 88' lang='lat' dir='ltr'>EPP.</span> <span class='ocrx_word' id='word_1_4' title='bbox 728 174 806 210; x_wconf 77' lang='lat' dir='ltr'>AD</span> <span class='ocrx_word' id='word_1_5' title='bbox 836 174 1095 211; x_wconf 80' lang='lat' dir='ltr'><strong>ATTICVM</strong></span> <span class='ocrx_word' id='word_1_6' title='bbox 1414 171 1507 207; x_wconf 87' lang='lat' dir='ltr'>VII.</span> <span class='ocrx_word' id='word_1_7' title='bbox 1532 169 1608 206; x_wconf 83' lang='lat' dir='ltr'>xxi</span> 
     </span>
    </p>
   </div>
   <div class='ocr_carea' id='block_1_4' title="bbox 171 282 1504 464">
    <p class='ocr_par' dir='ltr' id='par_1_4' title="bbox 171 282 1504 464">
     <span class='ocr_line' id='line_1_4' title="bbox 172 282 1500 334; baseline -0.002 -12"><span class='ocrx_word' id='word_1_8' title='bbox 172 285 309 323; x_wconf 83' lang='lat' dir='ltr'>facere.</span> <span class='ocrx_word' id='word_1_9' title='bbox 358 284 461 322; x_wconf 89' lang='lat' dir='ltr'>Mira</span> <span class='ocrx_word' id='word_1_10' title='bbox 481 298 543 323; x_wconf 90' lang='lat' dir='ltr'>me</span> <span class='ocrx_word' id='word_1_11' title='bbox 565 285 699 334; x_wconf 82' lang='grc' dir='ltr'>ἀπορία</span> <span class='ocrx_word' id='word_1_12' title='bbox 719 291 885 334; x_wconf 79' lang='lat' dir='ltr'>torquet.</span> <span class='ocrx_word' id='word_1_13' title='bbox 938 285 1034 322; x_wconf 88' lang='lat' dir='ltr'>Iuva</span> <span class='ocrx_word' id='word_1_14' title='bbox 1055 297 1118 322; x_wconf 90' lang='lat' dir='ltr'>me</span> <span class='ocrx_word' id='word_1_15' title='bbox 1139 283 1304 322; x_wconf 88' lang='lat' dir='ltr'>consilio</span> <span class='ocrx_word' id='word_1_16' title='bbox 1325 282 1355 321; x_wconf 93' lang='lat' dir='ltr'>si</span> <span class='ocrx_word' id='word_1_17' title='bbox 1378 290 1500 333; x_wconf 89' lang='lat' dir='ltr'>potes,</span> 
     </span>
     <span class='ocr_line' id='line_1_5' title="bbox 171 349 1504 400; baseline -0.002 -13"><span class='ocrx_word' id='word_1_18' title='bbox 171 357 210 387; x_wconf 91' lang='lat' dir='ltr'>et</span> <span class='ocrx_word' id='word_1_19' title='bbox 240 357 372 388; x_wconf 88' lang='lat' dir='ltr'>tamen</span> <span class='ocrx_word' id='word_1_20' title='bbox 402 350 474 387; x_wconf 88' lang='lat' dir='ltr'>ista</span> <span class='ocrx_word' id='word_1_21' title='bbox 503 358 695 400; x_wconf 82' lang='lat' dir='ltr'>quantum</span> <span class='ocrx_word' id='word_1_22' title='bbox 726 358 838 400; x_wconf 88' lang='lat' dir='ltr'>potes</span> <span class='ocrx_word' id='word_1_23' title='bbox 868 349 1040 400; x_wconf 80' lang='lat' dir='ltr'>provide.</span> <span class='ocrx_word' id='word_1_24' title='bbox 1101 349 1211 387; x_wconf 91' lang='lat' dir='ltr'>Nihil</span> <span class='ocrx_word' id='word_1_25' title='bbox 1238 349 1367 387; x_wconf 84' lang='lat' dir='ltr'>habeo</span> <span class='ocrx_word' id='word_1_26' title='bbox 1397 355 1504 385; x_wconf 85' lang='lat' dir='ltr'>tanta</span> 
     </span>
     <span class='ocr_line' id='line_1_6' title="bbox 172 413 1482 464; baseline 0 -13"><span class='ocrx_word' id='word_1_27' title='bbox 172 427 298 452; x_wconf 88' lang='lat' dir='ltr'>rerum</span> <span class='ocrx_word' id='word_1_28' title='bbox 322 414 615 464; x_wconf 75' lang='lat' dir='ltr'>perturbatione</span> <span class='ocrx_word' id='word_1_29' title='bbox 636 415 744 464; x_wconf 88' lang='lat' dir='ltr'>quod</span> <span class='ocrx_word' id='word_1_30' title='bbox 766 414 944 452; x_wconf 86' lang='lat' dir='ltr'>scribam.</span> <span class='ocrx_word' id='word_1_31' title='bbox 992 416 1099 452; x_wconf 91' lang='lat' dir='ltr'>Tuas</span> <span class='ocrx_word' id='word_1_32' title='bbox 1120 413 1266 452; x_wconf 81' lang='lat' dir='ltr'>litteras</span> <span class='ocrx_word' id='word_1_33' title='bbox 1287 421 1482 463; x_wconf 81' lang='lat' dir='ltr'>exspectO.</span> 
     </span>
    </p>
   </div>
   <div class='ocr_carea' id='block_1_5' title="bbox 135 529 1330 608">
    <p class='ocr_par' dir='ltr' id='par_1_5' title="bbox 135 529 1330 608">
     <span class='ocr_line' id='line_1_7' title="bbox 172 529 1330 574; baseline -0.002 -10"><span class='ocrx_word' id='word_1_34' title='bbox 172 529 308 565; x_wconf 81' lang='lat' dir='ltr'><strong>XXII</strong></span> <span class='ocrx_word' id='word_1_35' title='bbox 353 532 423 564; x_wconf 83' lang='lat' dir='ltr'>Scr.</span> <span class='ocrx_word' id='word_1_36' title='bbox 445 533 478 563; x_wconf 79' lang='lat' dir='ltr'>in</span> <span class='ocrx_word' id='word_1_37' title='bbox 497 533 678 564; x_wconf 74' lang='lat' dir='ltr'>Fomniano</span> <span class='ocrx_word' id='word_1_38' title='bbox 693 543 723 564; x_wconf 83' lang='lat' dir='ltr'>vt</span> <span class='ocrx_word' id='word_1_39' title='bbox 740 532 789 564; x_wconf 81' lang='lat' dir='ltr'>Id.</span> <span class='ocrx_word' id='word_1_40' title='bbox 807 533 895 563; x_wconf 83' lang='lat' dir='ltr'>Febr.</span> <span class='ocrx_word' id='word_1_41' title='bbox 916 533 1038 574; x_wconf 81' lang='lat' dir='ltr'>vesperi</span> <span class='ocrx_word' id='word_1_42' title='bbox 1050 536 1110 564; x_wconf 80' lang='lat' dir='ltr'>ant</span> <span class='ocrx_word' id='word_1_43' title='bbox 1126 544 1145 564; x_wconf 80' lang='lat' dir='ltr'><em>v</em></span> <span class='ocrx_word' id='word_1_44' title='bbox 1160 533 1209 564; x_wconf 79' lang='lat' dir='ltr'>Id.</span> <span class='ocrx_word' id='word_1_45' title='bbox 1233 543 1330 563; x_wconf 82' lang='lat' dir='ltr'>manc</span> 
     </span>
     <span class='ocr_line' id='line_1_8' title="bbox 135 588 150 608; baseline 0 0"><span class='ocrx_word' id='word_1_46' title='bbox 135 588 150 608; x_wconf 65' lang='lat' dir='ltr'>a</span> 
     </span>
    </p>
   </div>
   <div class='ocr_carea' id='block_1_6' title="bbox 120 945 154 966">
    <p class='ocr_par' dir='ltr' id='par_1_6' title="bbox 120 945 154 966">
     <span class='ocr_line' id='line_1_9' title="bbox 120 945 154 966; baseline -0.029 0"><span class='ocrx_word' id='word_1_47' title='bbox 120 945 154 966; x_wconf 92' lang='lat'>10</span> 
     </span>
    </p>
   </div>
   <div class='ocr_carea' id='block_1_7' title="bbox 585 578 1095 685">
    <p class='ocr_par' dir='ltr' id='par_1_7' title="bbox 585 578 1095 685">
     <span class='ocr_line' id='line_1_10' title="bbox 731 578 936 617; baseline 0.005 -1"><span class='ocrx_word' id='word_1_48' title='bbox 731 588 762 608; x_wconf 81' lang='lat' dir='ltr'>a·</span> <span class='ocrx_word' id='word_1_49' title='bbox 784 587 837 616; x_wconf 76' lang='lat'>705</span> <span class='ocrx_word' id='word_1_50' title='bbox 852 578 936 617; x_wconf 73' lang='lat'>(49)-</span> 
     </span>
     <span class='ocr_line' id='line_1_11' title="bbox 585 653 1095 685; baseline -0.002 0"><span class='ocrx_word' id='word_1_51' title='bbox 585 654 760 685; x_wconf 78' lang='lat' dir='ltr'>CICERo</span> <span class='ocrx_word' id='word_1_52' title='bbox 793 653 964 684; x_wconf 80' lang='lat' dir='ltr'>ATTICO</span> <span class='ocrx_word' id='word_1_53' title='bbox 998 654 1095 685; x_wconf 75' lang='lat' dir='ltr'>SAL.</span> 
     </span>
    </p>
   </div>
   <div class='ocr_carea' id='block_1_8' title="bbox 174 731 1545 1235">
    <p class='ocr_par' dir='ltr' id='par_1_8' title="bbox 174 731 1545 1235">
     <span class='ocr_line' id='line_1_12' title="bbox 229 731 1541 781; baseline -0.001 -10"><span class='ocrx_word' id='word_1_54' title='bbox 229 734 377 771; x_wconf 86' lang='lat' dir='ltr'>Pedem</span> <span class='ocrx_word' id='word_1_55' title='bbox 417 732 456 770; x_wconf 88' lang='lat' dir='ltr'>in</span> <span class='ocrx_word' id='word_1_56' title='bbox 498 732 611 770; x_wconf 80' lang='lat' dir='ltr'>Italia</span> <span class='ocrx_word' id='word_1_57' title='bbox 650 732 765 770; x_wconf 88' lang='lat' dir='ltr'>video</span> <span class='ocrx_word' id='word_1_58' title='bbox 800 733 951 769; x_wconf 89' lang='lat' dir='ltr'>nullum</span> <span class='ocrx_word' id='word_1_59' title='bbox 984 745 1069 769; x_wconf 89' lang='lat' dir='ltr'>esse</span> <span class='ocrx_word' id='word_1_60' title='bbox 1108 731 1175 781; x_wconf 85' lang='lat' dir='ltr'>qui</span> <span class='ocrx_word' id='word_1_61' title='bbox 1207 745 1287 770; x_wconf 90' lang='lat' dir='ltr'>non</span> <span class='ocrx_word' id='word_1_62' title='bbox 1320 731 1357 769; x_wconf 89' lang='lat' dir='ltr'>in</span> <span class='ocrx_word' id='word_1_63' title='bbox 1394 731 1504 769; x_wconf 88' lang='lat' dir='ltr'>istius</span> <span class='ocrx_word' id='word_1_64' title='bbox 1525 744 1541 770; x_wconf 94' lang='lat'>1</span> 
     </span>
     <span class='ocr_line' id='line_1_13' title="bbox 174 796 1504 848; baseline -0.002 -12"><span class='ocrx_word' id='word_1_65' title='bbox 174 805 368 848; x_wconf 76' lang='lat' dir='ltr'>potestate</span> <span class='ocrx_word' id='word_1_66' title='bbox 407 797 465 835; x_wconf 88' lang='lat' dir='ltr'>sit.</span> <span class='ocrx_word' id='word_1_67' title='bbox 528 799 590 836; x_wconf 93' lang='lat' dir='ltr'>De</span> <span class='ocrx_word' id='word_1_68' title='bbox 630 796 822 847; x_wconf 85' lang='lat' dir='ltr'>Pompeio</span> <span class='ocrx_word' id='word_1_69' title='bbox 861 796 942 834; x_wconf 89' lang='lat' dir='ltr'>scio</span> <span class='ocrx_word' id='word_1_70' title='bbox 982 796 1079 834; x_wconf 84' lang='lat' dir='ltr'>nihil</span> <span class='ocrx_word' id='word_1_71' title='bbox 1124 810 1305 846; x_wconf 84' lang='lat' dir='ltr'>eumque,</span> <span class='ocrx_word' id='word_1_72' title='bbox 1348 796 1422 835; x_wconf 88' lang='lat' dir='ltr'>nisi</span> <span class='ocrx_word' id='word_1_73' title='bbox 1465 796 1504 834; x_wconf 91' lang='lat' dir='ltr'>in</span> 
     </span>
     <span class='ocr_line' id='line_1_14' title="bbox 174 861 1506 912; baseline -0.002 -11"><span class='ocrx_word' id='word_1_74' title='bbox 174 862 304 901; x_wconf 87' lang='lat' dir='ltr'>navim</span> <span class='ocrx_word' id='word_1_75' title='bbox 337 876 378 900; x_wconf 92' lang='lat' dir='ltr'>se</span> <span class='ocrx_word' id='word_1_76' title='bbox 408 862 627 909; x_wconf 85' lang='lat' dir='ltr'>contulerit,</span> <span class='ocrx_word' id='word_1_77' title='bbox 651 870 858 912; x_wconf 83' lang='lat' dir='ltr'>exceptum</span> <span class='ocrx_word' id='word_1_78' title='bbox 887 861 930 899; x_wconf 91' lang='lat' dir='ltr'>iri</span> <span class='ocrx_word' id='word_1_79' title='bbox 961 869 1067 911; x_wconf 89' lang='lat' dir='ltr'>puto.</span> <span class='ocrx_word' id='word_1_80' title='bbox 1128 862 1163 900; x_wconf 91' lang='lat' dir='ltr'>O</span> <span class='ocrx_word' id='word_1_81' title='bbox 1185 861 1423 900; x_wconf 80' lang='lat' dir='ltr'>celeritatem</span> <span class='ocrx_word' id='word_1_82' title='bbox 1452 861 1506 899; x_wconf 93' lang='lat' dir='ltr'>in-</span> 
     </span>
     <span class='ocr_line' id='line_1_15' title="bbox 175 926 1505 976; baseline -0.002 -10"><span class='ocrx_word' id='word_1_83' title='bbox 175 927 429 966; x_wconf 85' lang='lat' dir='ltr'>credibilem!</span> <span class='ocrx_word' id='word_1_84' title='bbox 478 926 593 964; x_wconf 90' lang='lat' dir='ltr'>huius</span> <span class='ocrx_word' id='word_1_85' title='bbox 632 934 764 964; x_wconf 88' lang='lat' dir='ltr'>autem</span> <span class='ocrx_word' id='word_1_86' title='bbox 808 926 1056 965; x_wconf 83' lang='lat' dir='ltr'>nostri-—sed</span> <span class='ocrx_word' id='word_1_87' title='bbox 1095 940 1175 965; x_wconf 87' lang='lat' dir='ltr'>non</span> <span class='ocrx_word' id='word_1_88' title='bbox 1220 940 1382 976; x_wconf 88' lang='lat' dir='ltr'>possum</span> <span class='ocrx_word' id='word_1_89' title='bbox 1422 926 1505 965; x_wconf 87' lang='lat' dir='ltr'>sine</span> 
     </span>
     <span class='ocr_line' id='line_1_16' title="bbox 175 991 1504 1041; baseline -0.001 -10"><span class='ocrx_word' id='word_1_90' title='bbox 175 994 311 1031; x_wconf 92' lang='lat' dir='ltr'>dolore</span> <span class='ocrx_word' id='word_1_91' title='bbox 331 1005 515 1030; x_wconf 85' lang='lat' dir='ltr'>accusare</span> <span class='ocrx_word' id='word_1_92' title='bbox 537 1005 628 1030; x_wconf 91' lang='lat' dir='ltr'>eum</span> <span class='ocrx_word' id='word_1_93' title='bbox 649 993 699 1030; x_wconf 89' lang='lat' dir='ltr'>de</span> <span class='ocrx_word' id='word_1_94' title='bbox 726 1005 806 1041; x_wconf 84' lang='lat' dir='ltr'>quo</span> <span class='ocrx_word' id='word_1_95' title='bbox 827 1005 948 1041; x_wconf 84' lang='lat' dir='ltr'>angor</span> <span class='ocrx_word' id='word_1_96' title='bbox 968 999 1005 1029; x_wconf 84' lang='lat' dir='ltr'>et</span> <span class='ocrx_word' id='word_1_97' title='bbox 1033 991 1194 1029; x_wconf 89' lang='lat' dir='ltr'>crucior.</span> <span class='ocrx_word' id='word_1_98' title='bbox 1253 993 1316 1028; x_wconf 90' lang='lat' dir='ltr'>Tu</span> <span class='ocrx_word' id='word_1_99' title='bbox 1341 992 1504 1030; x_wconf 87' lang='lat' dir='ltr'>caedem</span> 
     </span>
     <span class='ocr_line' id='line_1_17' title="bbox 175 1055 1505 1105; baseline -0.001 -10"><span class='ocrx_word' id='word_1_100' title='bbox 175 1071 255 1095; x_wconf 91' lang='lat' dir='ltr'>non</span> <span class='ocrx_word' id='word_1_101' title='bbox 291 1057 374 1095; x_wconf 93' lang='lat' dir='ltr'>sine</span> <span class='ocrx_word' id='word_1_102' title='bbox 407 1070 525 1094; x_wconf 89' lang='lat' dir='ltr'>causa</span> <span class='ocrx_word' id='word_1_103' title='bbox 559 1056 685 1103; x_wconf 86' lang='lat' dir='ltr'>times,</span> <span class='ocrx_word' id='word_1_104' title='bbox 720 1069 801 1094; x_wconf 90' lang='lat' dir='ltr'>non</span> <span class='ocrx_word' id='word_1_105' title='bbox 835 1069 916 1105; x_wconf 86' lang='lat' dir='ltr'>quo</span> <span class='ocrx_word' id='word_1_106' title='bbox 947 1056 1076 1094; x_wconf 86' lang='lat' dir='ltr'>minus</span> <span class='ocrx_word' id='word_1_107' title='bbox 1106 1055 1319 1105; x_wconf 83' lang='lat' dir='ltr'>quicquam</span> <span class='ocrx_word' id='word_1_108' title='bbox 1347 1056 1505 1095; x_wconf 80' lang='lat' dir='ltr'>Caesari</span> 
     </span>
     <span class='ocr_line' id='line_1_18' title="bbox 175 1119 1503 1171; baseline -0.001 -11"><span class='ocrx_word' id='word_1_109' title='bbox 175 1121 356 1171; x_wconf 82' lang='lat' dir='ltr'>expediat</span> <span class='ocrx_word' id='word_1_110' title='bbox 389 1122 439 1159; x_wconf 91' lang='lat' dir='ltr'>ad</span> <span class='ocrx_word' id='word_1_111' title='bbox 478 1120 776 1159; x_wconf 85' lang='lat' dir='ltr'>diuturnitatem</span> <span class='ocrx_word' id='word_1_112' title='bbox 815 1120 999 1158; x_wconf 88' lang='lat' dir='ltr'>victoriae</span> <span class='ocrx_word' id='word_1_113' title='bbox 1037 1128 1075 1158; x_wconf 90' lang='lat' dir='ltr'>et</span> <span class='ocrx_word' id='word_1_114' title='bbox 1113 1119 1395 1159; x_wconf 90' lang='lat' dir='ltr'>dominationis</span> <span class='ocrx_word' id='word_1_115' title='bbox 1434 1122 1503 1159; x_wconf 91' lang='lat' dir='ltr'>sed</span> 
     </span>
     <span class='ocr_line' id='line_1_19' title="bbox 175 1185 1545 1235; baseline -0.001 -11"><span class='ocrx_word' id='word_1_116' title='bbox 175 1186 291 1224; x_wconf 76' lang='lat' dir='ltr'>video</span> <span class='ocrx_word' id='word_1_117' title='bbox 311 1199 480 1235; x_wconf 82' lang='lat' dir='ltr'>quorum</span> <span class='ocrx_word' id='word_1_118' title='bbox 500 1185 659 1223; x_wconf 88' lang='lat' dir='ltr'>arbitrio</span> <span class='ocrx_word' id='word_1_119' title='bbox 680 1185 728 1223; x_wconf 91' lang='lat' dir='ltr'>sit</span> <span class='ocrx_word' id='word_1_120' title='bbox 748 1192 914 1223; x_wconf 87' lang='lat' dir='ltr'>acturus.</span> <span class='ocrx_word' id='word_1_121' title='bbox 961 1187 1112 1223; x_wconf 84' lang='lat' dir='ltr'>†Recte</span> <span class='ocrx_word' id='word_1_122' title='bbox 1132 1185 1180 1223; x_wconf 92' lang='lat' dir='ltr'>sit</span> <span class='ocrx_word' id='word_1_123' title='bbox 1201 1199 1345 1224; x_wconf 89' lang='lat' dir='ltr'>censeo</span> <span class='ocrx_word' id='word_1_124' title='bbox 1365 1187 1503 1224; x_wconf 89' lang='lat' dir='ltr'>ceden-</span> <span class='ocrx_word' id='word_1_125' title='bbox 1523 1196 1545 1222; x_wconf 84' lang='lat'>2</span> 
     </span>
    </p>
   </div>
   <div class='ocr_carea' id='block_1_9' title="bbox 139 1249 1505 1300">
    <p class='ocr_par' dir='ltr' id='par_1_9' title="bbox 139 1249 1505 1300">
     <span class='ocr_line' id='line_1_20' title="bbox 139 1249 1505 1300; baseline 0 -11"><span class='ocrx_word' id='word_1_126' title='bbox 139 1267 154 1297; x_wconf 73' lang='lat'><em>5</em></span> <span class='ocrx_word' id='word_1_127' title='bbox 177 1253 272 1289; x_wconf 88' lang='lat' dir='ltr'>dum</span> <span class='ocrx_word' id='word_1_128' title='bbox 289 1252 338 1289; x_wconf 91' lang='lat' dir='ltr'>de</span> <span class='ocrx_word' id='word_1_129' title='bbox 355 1250 511 1300; x_wconf 85' lang='lat' dir='ltr'>oppidis</span> <span class='ocrx_word' id='word_1_130' title='bbox 532 1250 577 1288; x_wconf 90' lang='lat' dir='ltr'>iis</span> <span class='ocrx_word' id='word_1_131' title='bbox 598 1263 695 1300; x_wconf 84' lang='lat' dir='ltr'>egeo</span> <span class='ocrx_word' id='word_1_132' title='bbox 715 1249 890 1292; x_wconf 84' lang='lat' dir='ltr'>consili†.</span> <span class='ocrx_word' id='word_1_133' title='bbox 933 1251 1055 1298; x_wconf 85' lang='lat' dir='ltr'>Quod</span> <span class='ocrx_word' id='word_1_134' title='bbox 1071 1249 1266 1300; x_wconf 87' lang='lat' dir='ltr'>optimum</span> <span class='ocrx_word' id='word_1_135' title='bbox 1282 1252 1386 1288; x_wconf 87' lang='lat' dir='ltr'>factu</span> <span class='ocrx_word' id='word_1_136' title='bbox 1403 1251 1505 1289; x_wconf 85' lang='lat' dir='ltr'>vide-</span> 
     </span>
    </p>
   </div>
   <div class='ocr_carea' id='block_1_10' title="bbox 177 1315 1507 1561">
    <p class='ocr_par' dir='ltr' id='par_1_10' title="bbox 177 1315 1507 1561">
     <span class='ocr_line' id='line_1_21' title="bbox 177 1315 1505 1365; baseline -0.001 -11"><span class='ocrx_word' id='word_1_137' title='bbox 177 1317 280 1355; x_wconf 88' lang='lat' dir='ltr'>bitur</span> <span class='ocrx_word' id='word_1_138' title='bbox 301 1316 428 1355; x_wconf 84' lang='lat' dir='ltr'>facies.</span> <span class='ocrx_word' id='word_1_139' title='bbox 474 1317 579 1355; x_wconf 85' lang='lat' dir='ltr'>Cum</span> <span class='ocrx_word' id='word_1_140' title='bbox 602 1315 816 1354; x_wconf 89' lang='lat' dir='ltr'>Philotimo</span> <span class='ocrx_word' id='word_1_141' title='bbox 838 1316 999 1365; x_wconf 86' lang='lat' dir='ltr'>loquere</span> <span class='ocrx_word' id='word_1_142' title='bbox 1019 1323 1138 1365; x_wconf 83' lang='lat' dir='ltr'>atque</span> <span class='ocrx_word' id='word_1_143' title='bbox 1157 1317 1259 1354; x_wconf 87' lang='lat' dir='ltr'>adeo</span> <span class='ocrx_word' id='word_1_144' title='bbox 1280 1315 1505 1354; x_wconf 88' lang='lat' dir='ltr'>Terentiam</span> 
     </span>
     <span class='ocr_line' id='line_1_22' title="bbox 177 1380 1505 1430; baseline -0.001 -11"><span class='ocrx_word' id='word_1_145' title='bbox 177 1380 342 1419; x_wconf 89' lang='lat' dir='ltr'>habebis</span> <span class='ocrx_word' id='word_1_146' title='bbox 371 1380 521 1419; x_wconf 91' lang='lat' dir='ltr'>Idibus.</span> <span class='ocrx_word' id='word_1_147' title='bbox 583 1382 668 1430; x_wconf 84' lang='lat' dir='ltr'>Ego</span> <span class='ocrx_word' id='word_1_148' title='bbox 696 1380 791 1429; x_wconf 85' lang='lat' dir='ltr'>quid</span> <span class='ocrx_word' id='word_1_149' title='bbox 820 1382 964 1430; x_wconf 87' lang='lat' dir='ltr'>agam?</span> <span class='ocrx_word' id='word_1_150' title='bbox 998 1393 1075 1429; x_wconf 87' lang='lat' dir='ltr'>qua</span> <span class='ocrx_word' id='word_1_151' title='bbox 1094 1388 1161 1418; x_wconf 86' lang='lat' dir='ltr'>aut</span> <span class='ocrx_word' id='word_1_152' title='bbox 1189 1388 1288 1418; x_wconf 88' lang='lat' dir='ltr'>terra</span> <span class='ocrx_word' id='word_1_153' title='bbox 1316 1388 1383 1418; x_wconf 81' lang='lat' dir='ltr'>aut</span> <span class='ocrx_word' id='word_1_154' title='bbox 1411 1381 1505 1418; x_wconf 87' lang='lat' dir='ltr'>mari</span> 
     </span>
     <span class='ocr_line' id='line_1_23' title="bbox 177 1444 1506 1496; baseline -0.002 -12"><span class='ocrx_word' id='word_1_155' title='bbox 177 1459 388 1496; x_wconf 86' lang='lat' dir='ltr'>persequar</span> <span class='ocrx_word' id='word_1_156' title='bbox 415 1459 506 1483; x_wconf 90' lang='lat' dir='ltr'>eum</span> <span class='ocrx_word' id='word_1_157' title='bbox 533 1445 601 1494; x_wconf 85' lang='lat' dir='ltr'>qui</span> <span class='ocrx_word' id='word_1_158' title='bbox 629 1444 695 1483; x_wconf 90' lang='lat' dir='ltr'>ubi</span> <span class='ocrx_word' id='word_1_159' title='bbox 724 1445 771 1482; x_wconf 93' lang='lat' dir='ltr'>sit</span> <span class='ocrx_word' id='word_1_160' title='bbox 798 1444 962 1483; x_wconf 86' lang='lat' dir='ltr'>nescio?</span> <span class='ocrx_word' id='word_1_161' title='bbox 1020 1445 1103 1483; x_wconf 91' lang='lat' dir='ltr'>Etsi</span> <span class='ocrx_word' id='word_1_162' title='bbox 1125 1453 1224 1483; x_wconf 90' lang='lat' dir='ltr'>terra</span> <span class='ocrx_word' id='word_1_163' title='bbox 1250 1445 1411 1495; x_wconf 84' lang='lat' dir='ltr'>quidem</span> <span class='ocrx_word' id='word_1_164' title='bbox 1440 1445 1506 1495; x_wconf 82' lang='lat' dir='ltr'>qui</span> 
     </span>
     <span class='ocr_line' id='line_1_24' title="bbox 177 1509 1507 1561; baseline -0.001 -12"><span class='ocrx_word' id='word_1_165' title='bbox 177 1512 370 1561; x_wconf 83' lang='lat' dir='ltr'>possum?</span> <span class='ocrx_word' id='word_1_166' title='bbox 404 1509 500 1548; x_wconf 90' lang='lat' dir='ltr'>mari</span> <span class='ocrx_word' id='word_1_167' title='bbox 530 1511 639 1560; x_wconf 82' lang='lat' dir='ltr'>quo?</span> <span class='ocrx_word' id='word_1_168' title='bbox 696 1511 867 1548; x_wconf 88' lang='lat' dir='ltr'>Tradam</span> <span class='ocrx_word' id='word_1_169' title='bbox 899 1509 1013 1559; x_wconf 79' lang='lat' dir='ltr'>igitur</span> <span class='ocrx_word' id='word_1_170' title='bbox 1043 1509 1105 1547; x_wconf 85' lang='lat' dir='ltr'>isti</span> <span class='ocrx_word' id='word_1_171' title='bbox 1135 1512 1227 1548; x_wconf 86' lang='lat' dir='ltr'>me?</span> <span class='ocrx_word' id='word_1_172' title='bbox 1285 1512 1362 1548; x_wconf 86' lang='lat' dir='ltr'>Fac</span> <span class='ocrx_word' id='word_1_173' title='bbox 1391 1524 1507 1560; x_wconf 86' lang='lat' dir='ltr'>posse</span> 
     </span>
    </p>
   </div>
   <div class='ocr_carea' id='block_1_11' title="bbox 121 1574 1507 1625">
    <p class='ocr_par' dir='ltr' id='par_1_11' title="bbox 121 1574 1507 1625">
     <span class='ocr_line' id='line_1_25' title="bbox 121 1574 1507 1625; baseline 0.001 -12"><span class='ocrx_word' id='word_1_174' title='bbox 121 1592 159 1613; x_wconf 89' lang='lat'>20</span> <span class='ocrx_word' id='word_1_175' title='bbox 178 1583 263 1614; x_wconf 88' lang='lat' dir='ltr'>tuto</span> <span class='ocrx_word' id='word_1_176' title='bbox 294 1575 423 1620; x_wconf 88' lang='lat' dir='ltr'>(multi</span> <span class='ocrx_word' id='word_1_177' title='bbox 454 1574 559 1613; x_wconf 90' lang='lat' dir='ltr'>enim</span> <span class='ocrx_word' id='word_1_178' title='bbox 590 1575 822 1625; x_wconf 87' lang='lat' dir='ltr'>hortantur),</span> <span class='ocrx_word' id='word_1_179' title='bbox 854 1588 950 1612; x_wconf 86' lang='lat' dir='ltr'>num</span> <span class='ocrx_word' id='word_1_180' title='bbox 982 1574 1098 1613; x_wconf 85' lang='lat' dir='ltr'>etiam</span> <span class='ocrx_word' id='word_1_181' title='bbox 1135 1576 1329 1613; x_wconf 87' lang='lat' dir='ltr'>honeste?</span> <span class='ocrx_word' id='word_1_182' title='bbox 1386 1577 1507 1614; x_wconf 90' lang='lat' dir='ltr'>Nullo</span> 
     </span>
    </p>
   </div>
   <div class='ocr_carea' id='block_1_12' title="bbox 122 1941 158 1973">
    <p class='ocr_par' dir='ltr' id='par_1_12' title="bbox 122 1941 158 1973">
     <span class='ocr_line' id='line_1_26' title="bbox 122 1941 158 1973; baseline 0 0"><span class='ocrx_word' id='word_1_183' title='bbox 122 1941 158 1973; x_wconf 87' lang='lat'>²5</span> 
     </span>
    </p>
   </div>
   <div class='ocr_carea' id='block_1_13' title="bbox 179 1639 1508 1819">
    <p class='ocr_par' dir='ltr' id='par_1_13' title="bbox 179 1639 1508 1819">
     <span class='ocr_line' id='line_1_27' title="bbox 179 1639 1508 1690; baseline -0.001 -11"><span class='ocrx_word' id='word_1_184' title='bbox 179 1642 311 1679; x_wconf 90' lang='lat' dir='ltr'>modo.</span> <span class='ocrx_word' id='word_1_185' title='bbox 372 1639 571 1690; x_wconf 86' lang='lat' dir='ltr'>Equidem</span> <span class='ocrx_word' id='word_1_186' title='bbox 600 1654 623 1677; x_wconf 86' lang='lat' dir='ltr'>a</span> <span class='ocrx_word' id='word_1_187' title='bbox 653 1647 690 1678; x_wconf 90' lang='lat' dir='ltr'>te</span> <span class='ocrx_word' id='word_1_188' title='bbox 720 1648 851 1690; x_wconf 88' lang='lat' dir='ltr'>petam</span> <span class='ocrx_word' id='word_1_189' title='bbox 882 1639 1103 1687; x_wconf 88' lang='lat' dir='ltr'>consilium,</span> <span class='ocrx_word' id='word_1_190' title='bbox 1127 1648 1168 1677; x_wconf 88' lang='lat' dir='ltr'>ut</span> <span class='ocrx_word' id='word_1_191' title='bbox 1199 1641 1317 1679; x_wconf 88' lang='lat' dir='ltr'>soleo.</span> <span class='ocrx_word' id='word_1_192' title='bbox 1380 1640 1508 1690; x_wconf 78' lang='lat' dir='ltr'>Expli-</span> 
     </span>
     <span class='ocr_line' id='line_1_28' title="bbox 179 1704 1508 1754; baseline -0.001 -11"><span class='ocrx_word' id='word_1_193' title='bbox 179 1705 256 1744; x_wconf 90' lang='lat' dir='ltr'>cari</span> <span class='ocrx_word' id='word_1_194' title='bbox 288 1718 347 1743; x_wconf 88' lang='lat' dir='ltr'>res</span> <span class='ocrx_word' id='word_1_195' title='bbox 382 1718 463 1743; x_wconf 92' lang='lat' dir='ltr'>non</span> <span class='ocrx_word' id='word_1_196' title='bbox 492 1712 646 1754; x_wconf 79' lang='lat' dir='ltr'>potest3</span> <span class='ocrx_word' id='word_1_197' title='bbox 680 1705 750 1742; x_wconf 88' lang='lat' dir='ltr'>sed</span> <span class='ocrx_word' id='word_1_198' title='bbox 781 1712 912 1743; x_wconf 90' lang='lat' dir='ltr'>tamen</span> <span class='ocrx_word' id='word_1_199' title='bbox 943 1704 974 1742; x_wconf 87' lang='lat' dir='ltr'>si</span> <span class='ocrx_word' id='word_1_200' title='bbox 1005 1704 1100 1754; x_wconf 86' lang='lat' dir='ltr'>quid</span> <span class='ocrx_word' id='word_1_201' title='bbox 1131 1704 1170 1742; x_wconf 89' lang='lat' dir='ltr'>in</span> <span class='ocrx_word' id='word_1_202' title='bbox 1201 1712 1374 1743; x_wconf 87' lang='lat' dir='ltr'>mentem</span> <span class='ocrx_word' id='word_1_203' title='bbox 1402 1705 1508 1743; x_wconf 85' lang='lat' dir='ltr'>venit</span> 
     </span>
     <span class='ocr_line' id='line_1_29' title="bbox 179 1769 1002 1819; baseline -0.001 -11"><span class='ocrx_word' id='word_1_204' title='bbox 179 1771 294 1809; x_wconf 87' lang='lat' dir='ltr'>velim</span> <span class='ocrx_word' id='word_1_205' title='bbox 317 1770 463 1808; x_wconf 70' lang='lat' dir='ltr'>scribas</span> <span class='ocrx_word' id='word_1_206' title='bbox 483 1778 521 1808; x_wconf 91' lang='lat' dir='ltr'>et</span> <span class='ocrx_word' id='word_1_207' title='bbox 543 1770 626 1819; x_wconf 85' lang='lat' dir='ltr'>ipse</span> <span class='ocrx_word' id='word_1_208' title='bbox 647 1769 742 1819; x_wconf 84' lang='lat' dir='ltr'>quid</span> <span class='ocrx_word' id='word_1_209' title='bbox 764 1769 814 1807; x_wconf 86' lang='lat' dir='ltr'>sis</span> <span class='ocrx_word' id='word_1_210' title='bbox 836 1777 1002 1808; x_wconf 84' lang='lat' dir='ltr'>acturus.</span> 
     </span>
    </p>
   </div>
   <div class='ocr_carea' id='block_1_14' title="bbox 222 1876 1354 1963">
    <p class='ocr_par' dir='ltr' id='par_1_14' title="bbox 222 1876 1354 1963">
     <span class='ocr_line' id='line_1_30' title="bbox 222 1876 1354 1962; baseline -0.001 -50"><span class='ocrx_word' id='word_1_211' title='bbox 222 1876 383 1912; x_wconf 86' lang='lat' dir='ltr'><strong>XXIII</strong></span> <span class='ocrx_word' id='word_1_212' title='bbox 407 1879 478 1910; x_wconf 83' lang='lat' dir='ltr'>Scr.</span> <span class='ocrx_word' id='word_1_213' title='bbox 497 1880 531 1910; x_wconf 82' lang='lat' dir='ltr'>in</span> <span class='ocrx_word' id='word_1_214' title='bbox 548 1879 730 1910; x_wconf 80' lang='lat' dir='ltr'>Formiano</span> <span class='ocrx_word' id='word_1_215' title='bbox 748 1890 767 1910; x_wconf 89' lang='lat' dir='ltr'><em>v</em></span> <span class='ocrx_word' id='word_1_216' title='bbox 782 1879 831 1910; x_wconf 85' lang='lat' dir='ltr'>Id.</span> <span class='ocrx_word' id='word_1_217' title='bbox 850 1880 937 1962; x_wconf 40' lang='lat' dir='ltr'>sehr).</span> <span class='ocrx_word' id='word_1_218' title='bbox 959 1884 1041 1920; x_wconf 84' lang='lat' dir='ltr'>vesp.</span> <span class='ocrx_word' id='word_1_219' title='bbox 1062 1882 1121 1910; x_wconf 80' lang='lat' dir='ltr'>aut</span> <span class='ocrx_word' id='word_1_220' title='bbox 1137 1879 1169 1910; x_wconf 84' lang='lat' dir='ltr'>iv</span> <span class='ocrx_word' id='word_1_221' title='bbox 1184 1879 1233 1910; x_wconf 83' lang='lat' dir='ltr'>Id.</span> <span class='ocrx_word' id='word_1_222' title='bbox 1257 1890 1354 1911; x_wconf 79' lang='lat' dir='ltr'>mane</span> 
     </span>
     <span class='ocr_line' id='line_1_31' title="bbox 735 1933 948 1963; baseline 0.009 -11"><span class='ocrx_word' id='word_1_223' title='bbox 735 1934 764 1953; x_wconf 85' lang='lat' dir='ltr'>a.</span> <span class='ocrx_word' id='word_1_224' title='bbox 788 1933 843 1962; x_wconf 81' lang='lat'>705</span> <span class='ocrx_word' id='word_1_225' title='bbox 864 1934 918 1963; x_wconf 58' lang='lat'>019</span> <span class='ocrx_word' id='word_1_226' title='bbox 941 1947 948 1954; x_wconf 92' lang='lat'><strong>.</strong></span> 
     </span>
    </p>
   </div>
   <div class='ocr_carea' id='block_1_15' title="bbox 595 2009 1091 2042">
    <p class='ocr_par' dir='ltr' id='par_1_15' title="bbox 595 2009 1091 2042">
     <span class='ocr_line' id='line_1_32' title="bbox 595 2009 1091 2042; baseline 0.004 -2"><span class='ocrx_word' id='word_1_227' title='bbox 595 2009 770 2041; x_wconf 82' lang='lat' dir='ltr'>CICERO</span> <span class='ocrx_word' id='word_1_228' title='bbox 795 2010 968 2042; x_wconf 85' lang='lat' dir='ltr'>ATTICO</span> <span class='ocrx_word' id='word_1_229' title='bbox 994 2010 1091 2042; x_wconf 86' lang='lat' dir='ltr'><strong>SAL.</strong></span> 
     </span>
    </p>
   </div>
   <div class='ocr_carea' id='block_1_16' title="bbox 181 2088 1546 2197">
    <p class='ocr_par' dir='ltr' id='par_1_16' title="bbox 181 2088 1546 2197">
     <span class='ocr_line' id='line_1_33' title="bbox 236 2088 1546 2139; baseline 0.001 -13"><span class='ocrx_word' id='word_1_230' title='bbox 236 2101 259 2126; x_wconf 91' lang='lat' dir='ltr'>v</span> <span class='ocrx_word' id='word_1_231' title='bbox 284 2090 379 2128; x_wconf 87' lang='lat' dir='ltr'>Idus</span> <span class='ocrx_word' id='word_1_232' title='bbox 402 2089 512 2127; x_wconf 88' lang='lat' dir='ltr'>Febr.</span> <span class='ocrx_word' id='word_1_233' title='bbox 530 2088 679 2138; x_wconf 89' lang='lat' dir='ltr'>vesperi</span> <span class='ocrx_word' id='word_1_234' title='bbox 699 2102 722 2126; x_wconf 89' lang='lat' dir='ltr'>a</span> <span class='ocrx_word' id='word_1_235' title='bbox 744 2089 956 2127; x_wconf 89' lang='lat' dir='ltr'>Philotimo</span> <span class='ocrx_word' id='word_1_236' title='bbox 973 2089 1119 2127; x_wconf 89' lang='lat' dir='ltr'>litteras</span> <span class='ocrx_word' id='word_1_237' title='bbox 1134 2089 1269 2139; x_wconf 89' lang='lat' dir='ltr'>accepi</span> <span class='ocrx_word' id='word_1_238' title='bbox 1288 2089 1509 2128; x_wconf 91' lang='lat' dir='ltr'>Domitium</span> <span class='ocrx_word' id='word_1_239' title='bbox 1530 2100 1546 2128; x_wconf 83' lang='grc' dir='ltr'>Ι</span> 
     </span>
     <span class='ocr_line' id='line_1_34' title="bbox 181 2154 1509 2197; baseline 0.001 -5"><span class='ocrx_word' id='word_1_240' title='bbox 181 2155 393 2192; x_wconf 83' lang='lat' dir='ltr'>exercitum</span> <span class='ocrx_word' id='word_1_241' title='bbox 428 2155 584 2190; x_wconf 90' lang='lat' dir='ltr'>firmum</span> <span class='ocrx_word' id='word_1_242' title='bbox 617 2154 774 2197; x_wconf 81' lang='lat' dir='ltr'>habere,</span> <span class='ocrx_word' id='word_1_243' title='bbox 807 2154 978 2192; x_wconf 84' lang='lat' dir='ltr'>cohortis</span> <span class='ocrx_word' id='word_1_244' title='bbox 1011 2168 1056 2192; x_wconf 82' lang='lat' dir='ltr'>ex</span> <span class='ocrx_word' id='word_1_245' title='bbox 1092 2154 1240 2193; x_wconf 88' lang='lat' dir='ltr'>Piceno</span> <span class='ocrx_word' id='word_1_246' title='bbox 1272 2156 1440 2193; x_wconf 90' lang='lat' dir='ltr'>Lentulo</span> <span class='ocrx_word' id='word_1_247' title='bbox 1472 2163 1509 2193; x_wconf 88' lang='lat' dir='ltr'>et</span> 
     </span>
    </p>
   </div>
   <div class='ocr_carea' id='block_1_17' title="bbox 180 2256 1510 2473">
    <p class='ocr_par' dir='ltr' id='par_1_17' title="bbox 180 2256 1510 2473">
     <span class='ocr_line' id='line_1_35' title="bbox 229 2256 1509 2296; baseline 0.002 -11"><span class='ocrx_word' id='word_1_248' title='bbox 229 2267 265 2295; x_wconf 86' lang='lat'>14</span> <span class='ocrx_word' id='word_1_249' title='bbox 290 2257 333 2286; x_wconf 87' lang='lat' dir='ltr'>Vt</span> <span class='ocrx_word' id='word_1_250' title='bbox 362 2261 452 2286; x_wconf 87' lang='lat' dir='ltr'>recte</span> <span class='ocrx_word' id='word_1_251' title='bbox 480 2257 523 2286; x_wconf 86' lang='lat' dir='ltr'>sit</span> <span class='ocrx_word' id='word_1_252' title='bbox 552 2266 676 2286; x_wconf 79' lang='lat' dir='ltr'>censeo</span> <span class='ocrx_word' id='word_1_253' title='bbox 703 2257 900 2287; x_wconf 80' lang='lat' dir='ltr'>cedendum.</span> <span class='ocrx_word' id='word_1_254' title='bbox 950 2257 1001 2286; x_wconf 88' lang='lat' dir='ltr'>De</span> <span class='ocrx_word' id='word_1_255' title='bbox 1028 2256 1151 2296; x_wconf 85' lang='lat' dir='ltr'>Oppiis</span> <span class='ocrx_word' id='word_1_256' title='bbox 1179 2257 1252 2287; x_wconf 86' lang='lat' dir='ltr'>istis</span> <span class='ocrx_word' id='word_1_257' title='bbox 1278 2268 1363 2296; x_wconf 82' lang='lat' dir='ltr'>egeo</span> <span class='ocrx_word' id='word_1_258' title='bbox 1389 2258 1509 2288; x_wconf 85' lang='lat' dir='ltr'>consili</span> 
     </span>
     <span class='ocr_line' id='line_1_36' title="bbox 180 2299 1508 2339; baseline 0.002 -10"><span class='ocrx_word' id='word_1_259' title='bbox 180 2300 276 2330; x_wconf 80' lang='lat' dir='ltr'>velim</span> <span class='ocrx_word' id='word_1_260' title='bbox 299 2299 377 2329; x_wconf 81' lang='lat' dir='ltr'>duce</span> <span class='ocrx_word' id='word_1_261' title='bbox 395 2299 508 2329; x_wconf 82' lang='lat' dir='ltr'>Bootio</span> <span class='ocrx_word' id='word_1_262' title='bbox 532 2300 591 2338; x_wconf 63' lang='lat' dir='ltr'>qm*</span> <span class='ocrx_word' id='word_1_263' title='bbox 612 2300 734 2339; x_wconf 83' lang='lat' dir='ltr'>Oppiis</span> <span class='ocrx_word' id='word_1_264' title='bbox 756 2299 901 2330; x_wconf 59' lang='lat' dir='ltr'>dedsrat:</span> <span class='ocrx_word' id='word_1_265' title='bbox 937 2300 1044 2330; x_wconf 78' lang='lat' dir='ltr'>Recte</span> <span class='ocrx_word' id='word_1_266' title='bbox 1068 2306 1140 2338; x_wconf 86' lang='lat' dir='ltr'>est;</span> <span class='ocrx_word' id='word_1_267' title='bbox 1174 2311 1299 2331; x_wconf 85' lang='lat' dir='ltr'>censeo</span> <span class='ocrx_word' id='word_1_268' title='bbox 1321 2302 1508 2332; x_wconf 87' lang='lat' dir='ltr'>cedendum</span> 
     </span>
     <span class='ocr_line' id='line_1_37' title="bbox 181 2343 1505 2384; baseline 0.002 -12"><span class='ocrx_word' id='word_1_269' title='bbox 181 2344 224 2373; x_wconf 89' lang='lat' dir='ltr'>de</span> <span class='ocrx_word' id='word_1_270' title='bbox 249 2344 384 2382; x_wconf 83' lang='lat' dir='ltr'>oppidis</span> <span class='ocrx_word' id='word_1_271' title='bbox 408 2343 483 2380; x_wconf 90' lang='lat' dir='ltr'>his;</span> <span class='ocrx_word' id='word_1_272' title='bbox 518 2343 578 2373; x_wconf 90' lang='lat' dir='ltr'>sed</span> <span class='ocrx_word' id='word_1_273' title='bbox 603 2353 689 2382; x_wconf 86' lang='lat' dir='ltr'>egeo</span> <span class='ocrx_word' id='word_1_274' title='bbox 715 2344 835 2373; x_wconf 85' lang='lat' dir='ltr'>consili</span> <span class='ocrx_word' id='word_1_275' title='bbox 859 2345 938 2374; x_wconf 79' lang='lat' dir='ltr'>coni.</span> <span class='ocrx_word' id='word_1_276' title='bbox 964 2343 1154 2384; x_wconf 77' lang='lat' dir='ltr'>Wesenberg</span> <span class='ocrx_word' id='word_1_277' title='bbox 1177 2345 1250 2382; x_wconf 82' lang='lat' dir='ltr'>&lt;sed</span> <span class='ocrx_word' id='word_1_278' title='bbox 1275 2345 1344 2374; x_wconf 76' lang='lat' dir='ltr'>inm</span> <span class='ocrx_word' id='word_1_279' title='bbox 1369 2344 1505 2376; x_wconf 56' lang='lat' dir='ltr'>schida)</span> 
     </span>
     <span class='ocr_line' id='line_1_38' title="bbox 183 2385 1506 2426; baseline 0.001 -9"><span class='ocrx_word' id='word_1_280' title='bbox 183 2398 235 2421; x_wconf 84' lang='lat'>20,</span> <span class='ocrx_word' id='word_1_281' title='bbox 248 2397 285 2416; x_wconf 85' lang='lat'>21</span> <span class='ocrx_word' id='word_1_282' title='bbox 312 2385 412 2416; x_wconf 91' lang='lat' dir='ltr'>Nullo</span> <span class='ocrx_word' id='word_1_283' title='bbox 427 2386 535 2416; x_wconf 86' lang='lat' dir='ltr'>modo.</span> <span class='ocrx_word' id='word_1_284' title='bbox 586 2385 747 2424; x_wconf 85' lang='lat' dir='ltr'>Equidem</span> <span class='ocrx_word' id='word_1_285' title='bbox 764 2386 913 2424; x_wconf 87' lang='lat' dir='ltr'>(quidem</span> <span class='ocrx_word' id='word_1_286' title='bbox 928 2385 985 2426; x_wconf 89' lang='lat' dir='ltr'>M)</span> <span class='ocrx_word' id='word_1_287' title='bbox 1001 2397 1019 2416; x_wconf 86' lang='lat' dir='ltr'>a</span> <span class='ocrx_word' id='word_1_288' title='bbox 1037 2392 1069 2416; x_wconf 85' lang='lat' dir='ltr'>te</span> <span class='ocrx_word' id='word_1_289' title='bbox 1086 2387 1263 2417; x_wconf 76' lang='lat' dir='ltr'>Biicheler:</span> <span class='ocrx_word' id='word_1_290' title='bbox 1285 2387 1386 2418; x_wconf 91' lang='lat' dir='ltr'>Nullo</span> <span class='ocrx_word' id='word_1_291' title='bbox 1400 2389 1506 2418; x_wconf 88' lang='lat' dir='ltr'>modo.</span> 
     </span>
     <span class='ocr_line' id='line_1_39' title="bbox 183 2424 1510 2473; baseline 0.002 -13"><span class='ocrx_word' id='word_1_292' title='bbox 183 2430 291 2469; x_wconf 70' lang='lat' dir='ltr'>Quid?</span> <span class='ocrx_word' id='word_1_293' title='bbox 314 2429 344 2459; x_wconf 79' lang='lat' dir='ltr'>A</span> <span class='ocrx_word' id='word_1_294' title='bbox 359 2435 391 2460; x_wconf 83' lang='lat' dir='ltr'>te</span> <span class='ocrx_word' id='word_1_295' title='bbox 405 2424 451 2459; x_wconf 71' lang='lat' dir='ltr'>Zb</span> <span class='ocrx_word' id='word_1_296' title='bbox 468 2428 567 2459; x_wconf 77' lang='lat' dir='ltr'>Orelli</span> <span class='ocrx_word' id='word_1_297' title='bbox 646 2440 685 2468; x_wconf 88' lang='lat'>27</span> <span class='ocrx_word' id='word_1_298' title='bbox 703 2430 838 2469; x_wconf 84' lang='lat' dir='ltr'>vesperi</span> <span class='ocrx_word' id='word_1_299' title='bbox 857 2440 875 2459; x_wconf 90' lang='lat' dir='ltr'>a</span> <span class='ocrx_word' id='word_1_300' title='bbox 889 2429 976 2460; x_wconf 75' lang='lat' dir='ltr'>Crat.</span> <span class='ocrx_word' id='word_1_301' title='bbox 993 2441 998 2459; x_wconf 92' lang='lat'>:</span> <span class='ocrx_word' id='word_1_302' title='bbox 1018 2431 1170 2469; x_wconf 83' lang='lat' dir='ltr'>vesperis</span> <span class='ocrx_word' id='word_1_303' title='bbox 1185 2430 1239 2461; x_wconf 73' lang='lat' dir='ltr'>Ml</span> <span class='ocrx_word' id='word_1_304' title='bbox 1255 2442 1260 2463; x_wconf 87' lang='grc'>;</span> <span class='ocrx_word' id='word_1_305' title='bbox 1279 2431 1412 2473; x_wconf 85' lang='lat' dir='ltr'>vesperi</span> <span class='ocrx_word' id='word_1_306' title='bbox 1428 2443 1445 2462; x_wconf 83' lang='lat' dir='ltr'>e</span> <span class='ocrx_word' id='word_1_307' title='bbox 1457 2431 1510 2461; x_wconf 73' lang='lat' dir='ltr'>M³</span> 
     </span>
    </p>
   </div>
  </div>
 </body>
</html>
