1732 2661
102 902 141 924 10

101 1227 134 1257 15

94 1551 133 1572 20

86 2201 126 2232 30

581 191 693 227 EPP.
727 191 804 227 AD
835 189 1097 227 ATTICVM
1465 190 1494 226 Ι.
1520 188 1598 226 xvi

165 299 378 349 proeliatus
408 313 495 337 sum
526 307 567 337 ut
597 301 746 338 clamor
766 313 1061 349 concursusque
1091 299 1261 337 maxima
1290 312 1381 337 cum
1412 311 1500 336 mea

164 365 280 402 laude
311 365 457 402 fierent.
519 366 641 413 Quod
669 364 700 403 si
728 365 799 403 tibi
826 379 1017 414 umquam
1049 379 1134 403 sum
1164 365 1268 402 visus
1296 365 1335 402 in
1365 378 1405 402 re
1432 378 1499 414 pu-

164 428 267 466 blica
294 429 412 476 fortis,
440 437 544 468 certe
575 444 638 468 me
669 429 708 467 in
738 430 803 467 illa
831 444 949 468 causa
975 429 1190 468 admiratus
1219 443 1333 467 esses.
1395 430 1497 467 Cum

163 493 268 531 enirn
290 494 355 532 ille
375 496 425 533 ad
446 495 653 533 contiones
684 495 924 545 confugisset
945 495 985 532 in
1008 495 1133 544 iisque
1155 509 1245 533 meo
1266 494 1427 532 nomine
1448 495 1499 531 ad

162 558 350 597 invidiam
372 568 553 605 uteretur,
578 559 617 598 di
639 559 880 598 immortales
898 563 904 597 ἔ
936 573 1033 609 quas
1055 573 1127 609 ego
1149 573 1299 609 pugnas
1320 567 1357 597 et
1378 572 1499 608 quan-

163 632 220 662 tas
248 632 392 674 strages
420 624 553 663 edidi!
585 639 684 674 quos
713 625 883 674 impetus
914 625 953 662 in
986 625 1182 671 Pisonem,
1206 625 1245 662 in
1269 624 1494 670 Curionem,

162 689 201 726 in
242 697 365 727 totam
402 690 508 728 illam
543 704 706 728 manum
742 690 840 728 feci!
882 703 963 740 quo
997 692 1118 729 modo
1157 704 1244 728 sum
1284 690 1497 728 insectatus

162 754 359 793 levitatem
392 769 542 801 senum,
573 755 780 793 libidinem
816 755 1053 794 iuventutis!
1112 757 1247 805 Saepe,
1278 755 1330 792 ita
1361 768 1424 792 me
1456 754 1495 792 di

162 819 294 858 iuvent
312 823 318 858 l
350 828 387 858 te
408 833 489 858 non
511 821 639 858 solum
660 829 863 859 auctorem
878 820 1133 859 consiliorum
1151 834 1343 862 meorum,
1360 833 1493 857 verum

162 885 279 923 etiam
310 894 571 935 spectatorem
602 899 823 936 pugnarum
851 886 1104 924 mirificarum
1134 886 1363 924 desideravi.
1425 887 1495 923 Po·
1515 895 1538 922 2

160 958 242 988 stea
262 964 353 988 vero
374 963 493 1000 quam
517 950 756 989 Hortensius
778 951 1011 1000 excogitavit
1033 959 1075 989 ut
1096 952 1221 1001 legem
1238 952 1288 989 de
1308 950 1495 1000 religione

161 1016 295 1053 Fufius
330 1015 510 1053 tribunus
542 1017 592 1065 pl.
629 1017 752 1062 ferret,
787 1016 825 1054 in
859 1030 937 1066 qua
976 1016 1073 1054 nihil
1104 1016 1211 1054 aliud
1245 1030 1268 1054 a
1299 1015 1493 1054 consulari

159 1080 360 1130 rogatione
382 1080 587 1119 differebat
612 1081 687 1119 nisi
714 1081 890 1119 iudicum
919 1095 1042 1131 genus
1065 1081 1121 1131 (in
1152 1095 1199 1119 eo
1223 1089 1355 1119 autem
1384 1088 1493 1118 erant

158 1145 323 1193 omnia),
344 1145 613 1195 pugnavitque
638 1154 679 1184 ut
710 1146 763 1184 ita
788 1147 906 1192 fieret,
931 1147 1040 1196 quod
1071 1154 1108 1184 et
1138 1146 1211 1184 sibi
1239 1154 1276 1184 et
1303 1145 1387 1183 aliis
1413 1159 1494 1195 per-

158 1218 331 1248 suaserat
358 1210 474 1248 nullis
502 1210 612 1248 illum
645 1210 842 1249 iudicibus
868 1213 1037 1261 effugere
1062 1224 1189 1262 posse,
1213 1211 1386 1249 contraxi
1408 1212 1493 1248 vela

158 1275 399 1325 perspiciens
422 1275 596 1325 inopiam
619 1276 795 1314 iudicum
819 1290 949 1326 neque
966 1277 1045 1314 dixi
1063 1276 1274 1326 quicquam
1298 1289 1368 1326 pro
1391 1275 1492 1313 testi-

157 1341 293 1379 monio
325 1341 399 1378 nisi
435 1342 544 1390 quod
581 1350 661 1379 erat
696 1341 749 1379 ita
789 1350 926 1379 notum
960 1350 1078 1391 atque
1113 1350 1297 1380 testatum
1330 1349 1371 1378 ut
1410 1354 1491 1378 non

156 1420 312 1456 possem
344 1406 560 1456 praeterire.
626 1408 766 1456 Itaque
795 1407 825 1444 si
853 1420 1011 1445 causam
1038 1406 1190 1456 quaeris
1217 1405 1490 1452 absolutionis,

155 1480 196 1510 ut
228 1472 304 1509 iam
339 1473 431 1522 πρὸς
466 1474 509 1511 τὸ
540 1473 719 1522 πρότερον
750 1480 927 1519 revertar,
960 1480 1110 1522 egestas
1141 1471 1315 1510 iudicum
1346 1471 1417 1509 fuit
1452 1480 1489 1510 et

154 1537 367 1587 turpitudo.
430 1539 479 1576 Id
499 1546 631 1576 autern
654 1546 695 1576 ut
722 1537 918 1576 accideret
939 1537 1195 1575 commissum
1218 1545 1275 1575 est
1297 1537 1487 1575 Hortensi

153 1603 331 1650 consilio,
356 1603 423 1653 qui
452 1605 547 1641 dum
570 1603 713 1641 veritus
741 1611 799 1641 est
827 1617 876 1641 ne
906 1604 1040 1640 Fufius
1065 1602 1100 1640 ei
1128 1602 1201 1652 legi
1229 1602 1488 1640 intercederet

153 1681 254 1717 quae
283 1682 330 1706 ex
360 1677 519 1707 senatus
550 1670 733 1707 consulto
764 1668 968 1713 ferebatur,
1002 1681 1082 1705 non
1110 1667 1206 1705 vidit
1236 1666 1344 1713 illud,
1367 1667 1487 1705 satius

151 1748 236 1773 esse
269 1736 378 1773 illurn
412 1736 451 1773 in
487 1736 648 1774 infamia
684 1735 850 1785 relinqui
885 1749 931 1773 ac
963 1735 1144 1773 sordibus
1177 1747 1295 1784 quam
1330 1733 1486 1773 infirmo

152 1800 298 1839 iudicio
320 1801 528 1845 committi,
549 1803 619 1840 sed
649 1802 791 1839 ductus
819 1800 913 1839 odio
938 1799 1157 1850 properavit
1179 1813 1259 1837 rem
1287 1800 1485 1838 deducere

92 1878 95 1883 ’
150 1865 190 1903 in
212 1866 416 1913 iudicium,
439 1880 528 1904 cum
552 1867 661 1905 illum
683 1867 873 1916 plumbeo
895 1866 1026 1916 gladio
1048 1865 1264 1915 iugulatum
1286 1864 1329 1902 iri
1352 1872 1483 1902 tamen

149 1930 305 1969 diceret.

203 1997 281 2034 Sed
315 1996 505 2035 iudicium
537 1997 567 2035 si
601 1997 754 2047 quaeris
791 1999 906 2047 quale
948 1996 1071 2042 fuerit,
1103 1994 1324 2033 incredibili
1363 1994 1481 2041 exitu,
1501 2002 1525 2040 3

148 2059 202 2098 sic
224 2061 279 2098 uti
307 2075 413 2100 nunc
441 2076 488 2100 ex
514 2070 657 2100 eventu
685 2063 735 2100 ab
763 2062 859 2109 aliis,
883 2076 905 2100 a
933 2075 996 2099 me
1024 2069 1156 2098 tamen
1187 2073 1233 2098 ex
1262 2059 1348 2109 ipso
1369 2059 1481 2097 initio

147 2125 356 2163 consilium
389 2126 579 2164 Hortensi
604 2127 923 2176 reprehendatur.
985 2127 1088 2163 Nam
1119 2133 1161 2162 ut
1191 2124 1349 2163 reiectio
1378 2125 1480 2162 facta

148 2196 206 2225 est
237 2190 475 2228 clamoribus
511 2190 700 2237 maximis,
736 2204 827 2229 cum
867 2198 1072 2228 accusator
1106 2198 1308 2239 tamquam
1341 2202 1480 2226 censor

147 2253 275 2291 bonus
292 2255 474 2293 homines
495 2255 758 2305 nequissimos
781 2256 956 2302 reiceret,
975 2268 1061 2293 reus
1079 2262 1280 2304 tamquam
1303 2255 1477 2292 clemens

190 2367 208 2394 5
236 2356 276 2387 Di
296 2381 301 2387 .
321 2382 328 2389 .
347 2381 354 2389 .
375 2359 467 2388 edidi
485 2359 682 2388 trochaicum
707 2362 931 2388 tetrametrum
951 2360 997 2393 (et
1023 2358 1157 2387 omisso&
1185 2357 1322 2397 dispexit
1342 2356 1476 2387 Ribbeck

149 2409 184 2436 14
209 2405 243 2429 ut
262 2401 306 2431 ita
321 2400 527 2432 MsHCrat.:
554 2407 588 2432 ut
607 2403 639 2432 id
658 2403 703 2432 ita
721 2406 744 2433 Σ
838 2412 874 2440 17
899 2407 1014 2431 notum
1035 2401 1184 2431 EPMffs:
1212 2411 1333 2431 novum
1349 2399 1477 2431 M¹NH

145 2444 186 2472 28
211 2449 323 2474 tamen
341 2444 428 2476 codd.
446 2457 452 2475 :
476 2451 588 2475 autem
606 2445 724 2476 anb.
740 2457 747 2477 ε
775 2447 837 2476 iam
856 2445 996 2485 Affadvzg
