1773 2651
608 185 720 221 EPP.
754 185 831 220 AD
862 183 1124 221 ATTICVM
1428 185 1521 221 VII.
1541 185 1618 221 xiv

258 296 318 332 De
358 294 585 333 mulieribus
625 294 766 333 nostris
796 294 835 332 in
865 294 1008 344 quibus
1040 302 1097 333 est
1129 302 1195 333 tua
1229 309 1347 342 soror,
1381 309 1528 345 quaeso
1547 306 1572 343 3

200 358 334 397 videas
368 367 409 398 ut
441 359 532 397 satis
564 361 774 397 honestum
810 359 924 397 nobis
956 359 1004 397 sit
1038 374 1103 398 eas
1138 361 1290 399 Romae
1325 374 1408 399 esse
1439 374 1528 398 cum

200 432 352 462 ceterae
373 424 438 462 illa
457 424 646 474 dignitate
668 424 927 463 discesserint.
990 427 1084 463 Hoc
1104 425 1238 475 scripsi
1266 427 1315 463 ad
1337 440 1402 464 eas
1423 433 1460 464 et
1479 427 1529 463 ad

201 496 238 527 te
259 488 388 539 ipsum
408 496 534 528 antea.
593 489 725 527 Velim
746 503 811 528 eas
836 490 1040 527 cohortere
1062 498 1103 527 ut
1131 498 1280 537 exeant,
1304 491 1530 540 praesertim

162 567 179 598 5
200 567 291 591 cum
312 567 358 592 ea
387 554 547 604 praedia
576 554 616 592 in
643 567 711 593 ora
738 553 931 591 maritima
961 555 1177 592 habeamus
1208 555 1300 604 quoi
1326 569 1398 605 ego
1427 569 1533 605 prae—

201 632 287 656 sum
319 627 361 657 ut
395 619 435 656 in
467 618 512 657 iis
543 632 614 669 pro
648 633 688 657 re
718 626 809 656 nata
847 632 928 656 non
966 618 1223 658 incommode
1253 620 1403 670 possint
1433 633 1528 658 esse.

202 684 306 721 Nam
327 683 357 721 si
379 683 475 733 quid
495 683 732 721 offendimus
754 683 792 720 in
813 696 958 733 genero
979 691 1113 722 nostro
1130 684 1255 734 (quod
1277 684 1438 734 quidem
1459 698 1532 734 ego

200 756 394 798 praestare
411 762 491 786 non
507 748 781 797 debeo)—sed
798 748 838 786 id
854 749 896 786 fit
913 748 1038 786 maius
1054 750 1163 799 quod
1180 749 1361 788 mulieres
1378 757 1532 788 nostrae

201 820 352 862 praeter
380 820 528 851 ceteras
560 815 713 851 Romae
746 821 1027 851 remanserunt.
1087 815 1149 851 Tu
1180 813 1263 864 ipse
1292 827 1382 852 cum
1415 816 1532 853 Sexto

144 892 180 914 10
201 877 298 915 scire
332 877 449 915 velim
483 877 579 927 quid
610 877 758 928 cogites
787 879 839 916 de
873 879 1055 916 exeundo
1089 879 1139 917 de
1172 887 1333 929 totaque
1368 893 1406 918 re
1436 879 1532 929 quid

200 942 407 980 existimes.
468 942 667 992 Equidem
696 943 746 980 ad
776 956 915 992 pacem
945 943 1089 980 hortari
1121 957 1200 982 non
1230 943 1394 989 desino;
1432 958 1533 994 quae

200 1008 260 1045 vel
282 1007 425 1045 iniusta
445 1007 576 1045 utilior
595 1015 653 1045 est
674 1021 793 1057 quam
816 1007 1071 1046 iustissimum
1095 1009 1241 1047 bellum
1256 1021 1346 1047 cum
1368 1008 1530 1049 civibus.

201 1073 279 1110 Sed
300 1073 396 1110 haec
418 1079 459 1110 ut
481 1073 559 1110 fors
580 1072 719 1110 tulerit.

244 1183 327 1216 XV
539 1185 608 1217 Ser.
631 1186 762 1226 Capuae
778 1197 797 1218 v
812 1187 854 1218 K.
874 1187 960 1218 Febr.
981 1198 1010 1219 a.
1032 1198 1085 1227 705
1107 1189 1191 1229 (49).

142 1275 178 1308 15
616 1275 790 1306 CICERO
816 1275 987 1306 ATTICO
1014 1276 1110 1308 SAL.

253 1365 306 1401 Vt
335 1364 385 1401 ab
411 1364 507 1402 urbe
536 1363 711 1411 discessi,
735 1366 886 1402 nullum
917 1366 1048 1403 adhuc
1079 1366 1269 1404 intermisi
1299 1367 1404 1406 diem
1436 1368 1531 1417 quin

198 1429 348 1478 aliquid
377 1430 428 1467 ad
459 1437 496 1467 te
527 1429 739 1468 litterarum
770 1431 915 1476 darem,
947 1444 1027 1468 non
1058 1444 1138 1481 quo
1168 1432 1355 1471 haberem
1387 1447 1532 1483 magno

199 1508 317 1543 opere
346 1495 455 1544 quod
480 1494 691 1533 scriberem
722 1496 792 1533 sed
817 1503 858 1533 ut
886 1497 1065 1545 loquerer
1095 1504 1225 1534 tecum
1253 1498 1420 1545 absens3
1451 1511 1532 1547 quo

200 1559 306 1606 mihi,
330 1573 421 1597 cum
442 1572 574 1598 coram
596 1560 636 1598 id
658 1573 738 1598 non
760 1560 860 1606 licet,
885 1560 979 1598 nihil
1001 1569 1059 1599 est
1080 1561 1301 1600 iucundius,

140 1637 179 1659 20
255 1626 433 1674 Capuam
466 1638 556 1662 cum
591 1624 784 1663 venissem
818 1638 850 1662 a.
884 1627 919 1663 d.
954 1638 992 1662 Vl
1028 1627 1115 1663 Kal.
1148 1626 1272 1675 pridie
1304 1640 1422 1676 quam
1459 1629 1528 1666 has

199 1689 343 1727 litteras
373 1689 477 1737 dedi,
512 1691 695 1728 consules
735 1689 903 1728 conveni
944 1691 1168 1739 multosque
1206 1691 1328 1729 nostri
1367 1692 1525 1730 ordinis.

198 1755 349 1793 Omnes
379 1755 592 1805 cupiebant
623 1756 832 1794 Caesarem
864 1754 1046 1793 abductis
1078 1755 1280 1804 praesidiis
1310 1764 1409 1795 stare
1439 1771 1530 1795 con-

196 1819 420 1858 dicionibus
441 1820 486 1858 iis
507 1833 603 1870 quas
626 1820 801 1867 tulisset3
831 1820 898 1857 uni
922 1820 1096 1858 Favonio
1124 1821 1228 1869 leges
1247 1821 1298 1859 ab
1326 1821 1392 1860 illo
1413 1823 1527 1860 nobis

197 1883 347 1934 imponi
368 1899 448 1923 non
478 1885 669 1935 placebat.
730 1886 808 1923 Sed
829 1885 885 1926 †is
912 1885 1070 1923 auditus
1098 1884 1162 1925 in†
1189 1885 1365 1924 consilio.
1426 1888 1526 1925 Cato

138 1962 175 1992 25
197 1949 301 1987 enim
324 1950 406 1999 ipse
427 1950 504 1987 iam
526 1950 667 1988 servire
687 1963 806 1999 quam
828 1963 1001 1999 pugnare
1023 1951 1194 1997 mavult3
1224 1951 1294 1988 sed
1322 1958 1453 1989 tamen
1473 1951 1526 1989 ait

196 2013 234 2051 in
266 2023 402 2052 senatu
433 2028 473 2052 se
502 2015 641 2052 adesse
665 2016 765 2052 velle
794 2028 884 2052 cum
915 2016 965 2052 de
995 2014 1298 2053 condicionibus
1327 2023 1472 2064 agatur,
1495 2016 1526 2054 si

195 2080 340 2117 Caesar
359 2079 554 2117 adductus
576 2078 623 2116 sit
644 2086 686 2116 ut
703 2078 895 2128 praesidia
912 2080 1094 2117 deducat.
1141 2081 1211 2125 Ita,
1229 2081 1336 2129 quod
1359 2080 1526 2118 maxime

238 2191 256 2219 5
282 2182 421 2220 praedia
441 2180 629 2212 Com—adas:
654 2182 824 2221 praesidia
844 2181 890 2220 M,
910 2183 946 2222 cf.
972 2193 1019 2220 17.
1046 2193 1058 2213 1
1195 2183 1214 2212 8
1239 2183 1300 2212 sed
1326 2181 1381 2212 M:
1408 2183 1467 2213 sed
1485 2194 1525 2213 eo

193 2225 339 2264 Kayser:
366 2225 494 2255 scilicet
513 2225 599 2255 Reid
731 2235 763 2254 11
794 2225 957 2265 Equidem
978 2226 1024 2256 C:
1048 2227 1185 2264 quidem
1203 2225 1245 2254 M
1330 2227 1369 2256 ad
1391 2225 1433 2256 C:
1460 2237 1522 2258 om.

194 2267 242 2303 M,
263 2269 318 2298 vix
334 2272 409 2298 recle
543 2278 580 2298 12
605 2279 679 2298 cum
706 2269 835 2299 civibus
862 2269 936 2299 CZ:
973 2280 1037 2299 om.
1060 2269 1134 2301 M1:
1162 2269 1194 2299 in
1214 2270 1342 2299 civibus
1361 2270 1398 2299 M
1415 2281 1522 2309 marg.

199 2321 236 2349 19
261 2312 338 2341 licet
358 2310 464 2341 NHF
482 2311 586 2342 Ant:
614 2311 730 2342 liceret
756 2311 795 2341 M
926 2323 966 2351 24
992 2313 1019 2342 is
1037 2313 1172 2342 auditus
1189 2314 1325 2342 auditus
1345 2314 1375 2342 in
1403 2312 1443 2341 M
1458 2313 1529 2351 (sed

194 2355 334 2384 cillermn
355 2355 491 2385 auditus
511 2354 685 2390 deletttnth
713 2356 739 2385 is
760 2356 849 2385 haud
875 2357 1010 2386 auditus
1029 2357 1061 2386 in
1080 2356 1222 2386 Rosius:
1252 2357 1279 2386 is
1299 2357 1434 2386 auditur
1451 2357 1525 2386 sine

194 2397 350 2437 Alsadvlg:
377 2398 404 2427 is
421 2408 439 2427 a
458 2398 550 2428 nullo
574 2399 710 2428 auditur
736 2398 767 2428 in
796 2399 937 2428 Miiller:
964 2399 1045 2437 fort.
1067 2399 1123 2429 vix
1146 2400 1293 2429 auditust
1319 2401 1352 2429 in
1453 2404 1526 2439 post

194 2442 336 2471 consilio
354 2441 428 2471 add.
451 2452 518 2470 non
537 2446 588 2471 est
612 2441 732 2471 Iunius
747 2452 762 2471 e
776 2442 934 2472 codicibus
949 2444 1019 2472 sm's

1553 1382 1569 1408 1
