1773 2651
182 189 298 226 VIII.
322 189 351 225 ii
626 191 680 228 M.
713 191 881 228 TVLLI
913 189 1221 229 CICERONIS

294 301 419 339 deras.
480 300 589 339 Nihil
617 302 667 340 de
695 314 758 339 me
778 301 883 349 dico,
903 300 968 339 alii
989 300 1166 339 viderint.
1230 300 1310 339 Hic
1338 300 1500 351 quidem
1526 314 1628 351 quae

295 373 376 404 est.
396 397 403 403 .
424 396 430 403 .
447 367 464 404 ?
504 366 624 404 Domi
641 374 790 405 vestrae
810 365 902 405 estis
923 374 962 405 et
982 366 1088 404 eritis
1108 379 1248 405 omnes
1269 365 1375 404 boni.
1427 365 1527 414 Quis
1544 374 1628 404 tum

295 444 337 469 se
368 431 464 469 mihi
497 445 577 469 non
611 431 814 469 ostendit?
854 430 941 481 quis
976 445 1082 470 nunc
1116 432 1228 471 adest
1261 432 1339 470 hoc
1373 431 1508 470 bello?
1564 430 1628 470 Sic

295 495 400 534 enim
422 496 499 534 iam
528 497 809 546 appellandum
831 504 899 534 est.

249 577 276 614 4
349 560 498 599 Vibulli
528 575 587 599 res
616 568 748 611 gestae
777 569 868 599 sunt
895 562 1026 600 adhue
1056 560 1260 600 maximae.
1321 562 1370 600 Id
1394 574 1440 599 ex
1462 561 1627 612 Pompei
1648 575 1665 607 5

294 625 429 664 litteris
450 639 665 676 cognosces
681 641 690 673 ς
720 626 759 663 in
781 626 925 676 quibus
949 626 1253 666 animadvertito
1274 626 1384 665 illum
1405 628 1538 665 locum
1559 627 1627 665 ubi

292 691 363 729 erit
393 692 515 741 διπλῆ.
575 691 741 730 Videbis
771 693 821 730 de
851 694 991 731 Gnaeo
1025 700 1160 731 nostro
1195 692 1278 742 ipse
1302 691 1500 731 Vibullius
1530 691 1628 742 quid

292 756 496 795 existimet.
571 758 664 806 Quo
711 756 826 807 igitur
869 758 966 795 haec
1015 765 1165 807 spectat
1213 756 1369 795 oratio?
1427 758 1513 806 Ego
1556 770 1627 806 pro

293 821 486 872 Pompeio
526 821 692 860 libenter
735 821 857 860 emori
900 835 1090 872 possum3
1138 821 1240 861 facio
1282 821 1402 872 pluris
1446 821 1625 860 omnium

292 887 499 926 hominum
533 887 758 936 neminem5
796 888 866 926 sed
896 902 977 925 non
1009 887 1062 926 ita
1091 893 1136 925 ut
1162 894 1203 925 m
1235 901 1316 926 uno
1346 887 1385 925 in
1415 901 1463 926 eo
1492 887 1626 926 iudico
1648 900 1688 923 10

291 967 402 1003 spem
438 955 487 991 de
527 955 650 992 salute
690 953 743 991 rei
782 953 974 1003 publicae.
1038 953 1243 1003 Significas
1282 952 1388 991 enim
1423 951 1626 1002 aliquanto

291 1032 404 1057 secus
439 1033 557 1069 quam
596 1019 762 1065 solebas,
798 1026 839 1057 ut
879 1019 996 1057 etiam
1031 1018 1155 1066 Italia,
1189 1018 1220 1056 si
1255 1018 1319 1057 ille
1353 1019 1479 1065 cedat,
1512 1025 1625 1067 putes

290 1085 526 1122 cedendum.
588 1085 709 1132 Quod
734 1097 806 1134 ego
834 1097 907 1122 nec
932 1083 985 1122 rei
1006 1083 1188 1134 publicae
1210 1091 1306 1133 puto
1327 1097 1412 1121 esse
1433 1081 1527 1120 utile
1551 1096 1625 1120 nec

291 1149 421 1187 liberis
453 1149 560 1195 meis,
583 1157 782 1199 praeterea
808 1162 938 1198 neque
966 1156 1116 1187 rectum
1142 1162 1271 1198 neque
1295 1149 1507 1186 honestum
1530 1149 1624 1186 †sed

290 1222 400 1253 cur†.
460 1218 468 1233 ‘
487 1214 688 1252 Poterisne
716 1213 830 1263 igitur
854 1213 986 1252 videre
1014 1215 1273 1263 tyrannuni?'
1322 1212 1446 1261 Quasi
1473 1212 1623 1250 intersit
1645 1223 1682 1255 15

289 1278 448 1317 audiam
487 1293 536 1316 an
576 1278 741 1324 videam,
776 1286 842 1316 aut
881 1277 1114 1328 locupletior
1153 1277 1247 1315 mihi
1287 1277 1335 1315 sit
1373 1278 1623 1327 quaerendus

289 1352 425 1381 auctor
446 1358 563 1393 quani
593 1345 771 1381 Socrates
793 1342 871 1392 qui,
895 1357 986 1380 cum
1017 1355 1106 1380 xxx
1138 1341 1290 1392 tyranni
1312 1349 1452 1388 essent,
1478 1343 1622 1392 pedem

289 1417 401 1458 porta
440 1423 519 1447 non
559 1408 706 1447 extulit.
775 1410 845 1446 Est
885 1407 980 1445 mihi
1020 1416 1219 1458 praeterea
1258 1407 1467 1458 praecipua
1505 1420 1623 1445 causa

290 1474 486 1512 manendi.
549 1475 610 1511 De
637 1487 714 1522 qua
742 1472 891 1510 utinam
919 1472 1134 1522 aliquando
1161 1480 1292 1511 tecum
1320 1474 1481 1522 loquar!

343 1541 428 1589 Ego
458 1551 535 1576 xm
569 1540 755 1586 Kalend,
782 1552 873 1576 curn
908 1540 1049 1577 eadem
1084 1539 1244 1576 lucerna
1276 1539 1377 1575 hanc
1412 1537 1619 1587 epistulam
1642 1553 1681 1574 20

287 1604 526 1654 scripsissem
551 1617 630 1654 qua
650 1603 934 1642 inflammaram
956 1611 1079 1651 tuam,
1100 1603 1266 1642 Formiis
1295 1604 1347 1642 ad
1372 1602 1621 1653 Pompeium,

287 1669 317 1707 si
339 1670 388 1707 de
410 1683 506 1720 pace
526 1677 670 1720 agetur,
695 1671 949 1720 profecturus,
974 1668 1005 1706 si
1026 1670 1076 1707 de
1097 1669 1212 1715 bello,
1237 1667 1334 1718 quid
1354 1669 1450 1707 ero?

328 1786 401 1821 III
577 1789 646 1822 Ser.
666 1790 699 1820 in
720 1789 839 1821 Caleno
855 1791 905 1821 xii
917 1790 961 1821 K.
982 1789 1082 1821 Mart.
1100 1801 1132 1821 a.
1156 1799 1211 1829 705
1229 1789 1314 1830 (49).

701 1874 879 1905 CICERO
902 1873 1075 1905 ATTICO
1101 1873 1197 1905 SAL.

248 1961 264 1987 1
340 1946 523 1985 Maximis
562 1955 600 1985 et
639 1946 863 1986 miserrimis
907 1947 1023 1985 rebus
1061 1946 1319 1996 perturbatus,
1353 1958 1443 1983 cum
1482 1957 1615 1982 coram
1637 1956 1676 1989 25

283 2020 414 2051 tecum
444 2012 540 2050 mihi
570 2019 743 2063 potestas
773 2011 1019 2051 deliberandi
1049 2025 1129 2049 non
1159 2017 1276 2058 esset,
1300 2009 1354 2048 uti
1386 2017 1517 2048 tamen
1547 2017 1616 2048 tuo

325 2127 344 2146 2
363 2120 440 2156 post
462 2122 512 2147 cst
532 2117 677 2157 spatium
695 2117 728 2147 in
748 2116 788 2146 M
802 2127 916 2146 novem
935 2115 1115 2146 lz'ttcrammz
1135 2114 1471 2153 ubz'inseritdignitas
1487 2113 1615 2144 Wesen-

281 2160 366 2200 berg,
393 2160 576 2191 similitudo
602 2160 696 2198 Reid,
726 2159 852 2200 ἀξίωσις
878 2161 925 2190 vel
945 2160 1050 2189 simile
1072 2158 1153 2198 quid
1185 2157 1287 2188 Orelli
1407 2158 1505 2188 Domi
1531 2157 1615 2188 M2:

281 2205 394 2233 domui
421 2203 473 2233 Ml
620 2215 658 2234 10
682 2205 726 2234 ita
742 2208 778 2234 ut
796 2209 829 2234 tu
849 2214 915 2234 uno
934 2203 1012 2233 coni.
1038 2201 1244 2242 Wesenbmg:
1277 2202 1321 2232 ita
1339 2212 1405 2231 non
1427 2201 1487 2231 M:
1517 2202 1614 2232 sitam

281 2247 376 2278 Man.
490 2258 556 2277 uno
577 2248 610 2278 in
636 2258 676 2278 eo
702 2248 845 2278 Rosius:
871 2257 938 2277 non
956 2257 1031 2276 meo
1049 2246 1090 2275 M
1245 2256 1294 2283 14,
1315 2255 1351 2283 15
1377 2245 1437 2275 sed
1455 2244 1530 2285 cur]
1554 2245 1614 2275 sed

281 2292 418 2329 quaeris
444 2292 522 2322 com'.
551 2290 655 2322 Boot:
682 2292 743 2321 sed
769 2292 853 2321 heus
877 2296 911 2320 tu
937 2290 1015 2320 coni.
1043 2288 1189 2320 schulz:
1214 2289 1348 2318 videtur
1372 2288 1511 2318 Mz'c'llcr:
1528 2288 1611 2327 fort.

281 2335 341 2364 sed
360 2340 394 2364 tu
507 2345 548 2364 22
573 2340 694 2372 agetur
715 2335 809 2365 V1'ct.:
844 2338 1002 2372 ageretur
1018 2333 1060 2362 M
1146 2333 1359 2372 profecturus
1383 2331 1482 2361 Rom.
1503 2343 1510 2361 :
1538 2341 1613 2370 pro-

281 2378 379 2408 sectis
404 2378 479 2409 M¹:
514 2378 687 2417 profectus
714 2378 789 2408 Μ’-ἐ
829 2377 1020 2417 praefectus
1044 2387 1072 2406 v.
1103 2387 1125 2406 c.
1162 2376 1280 2406 Lamh.
1301 2387 1308 2406 ε
1341 2375 1614 2414 promptissimus

282 2421 404 2451 Maller
490 2422 569 2461 quid
589 2421 684 2461 ero2]
710 2422 826 2451 videro
844 2420 926 2450 Pius
949 2431 987 2449 ex
1001 2419 1090 2450 codd.
1109 2420 1180 2449 suis
1268 2429 1309 2458 25
1334 2429 1408 2449 cum
1431 2417 1522 2449 Visa:
1539 2428 1613 2448 sum

279 2464 369 2496 codd.
506 2466 548 2495 26
573 2470 663 2496 essct
683 2465 737 2494 M¹
753 2477 759 2495 z
787 2469 838 2494 est
856 2464 915 2494 sed
934 2463 1089 2494 E0²M²s
1104 2475 1110 2493 :
1135 2467 1227 2493 essct
1244 2463 1305 2493 sed
1325 2462 1404 2492 O‘2R
