1773 2651
616 174 728 210 EPP.
761 174 838 210 AD
869 174 1128 212 ATTICVM
1417 174 1634 212 V111.xi·11

206 299 362 336 prorsus
386 285 493 324 aliud
517 293 654 324 curant
684 285 757 323 nisi
784 299 906 335 agros,
932 285 1005 323 nisi
1030 285 1191 332 villulas,
1216 286 1288 324 nisi
1311 288 1538 325 nummulos

205 365 306 389 suos.
369 353 419 389 Et
439 351 528 389 vide
548 364 668 400 quam
689 364 877 389 conversa
898 364 957 388 res
978 350 1026 388 sit
1044 365 1052 397 3
1081 351 1190 389 illum
1212 365 1292 400 quo
1313 360 1428 390 antea
1449 366 1539 390 con-

206 417 383 454 fidebant
404 424 596 462 metuunt,
620 417 725 454 hunc
745 424 879 454 amant
907 430 1025 465 quern
1048 416 1249 454 timebant.
1312 419 1359 455 Id
1381 417 1538 467 quantis

205 481 346 518 nostris
367 481 537 530 peccatis
554 481 735 531 vitiisque
755 481 927 519 evenerit
948 495 1029 520 non
1058 495 1219 531 possum
1250 482 1333 520 sine
1359 483 1539 521 molestia

168 560 185 592 5
205 546 385 595 cogitare.
446 548 560 594 Quae
589 555 721 584 autem
751 546 981 596 impendere
1005 554 1194 597 putarem,
1226 547 1456 598 scripseram
1485 549 1536 587 ad

205 619 243 649 te
264 619 302 648 et
323 610 400 648 iam
422 618 507 648 tuas
528 611 673 649 litteras
695 611 984 661 exspectabam.

247 762 356 797 XIV
455 764 522 796 Scr.
543 765 576 795 in
594 765 771 796 Fut-nzz'ano
786 766 822 796 υἱ
834 765 921 797 Non.
944 766 1045 797 Mart.
1062 777 1092 797 a.
1114 777 1170 806 705
1189 766 1273 807 (49).

623 842 796 873 CICERO
822 842 991 874 ATTICO
1020 843 1119 874 SAL.

259 923 351 960 Non
384 921 525 960 dubito
557 921 652 971 quin
684 921 754 959 tibi
782 921 943 960 odiosae
973 922 1049 960 sint
1079 922 1268 972 epistulae
1300 922 1533 970 cotidianae,
1555 934 1572 961 1

146 1003 184 1026 10
204 1000 294 1025 cum
317 986 543 1037 praesertim
565 1000 694 1036 neque
715 1000 817 1024 nova
838 988 887 1025 de
909 1001 947 1025 re
963 987 1094 1038 aliqua
1110 988 1315 1027 certiorem
1337 996 1374 1027 te
1395 989 1535 1027 faciam

204 1066 333 1102 neque
355 1066 498 1090 novam
519 1051 693 1101 denique
714 1051 790 1090 iam
813 1052 1001 1102 reperiam
1023 1053 1221 1092 scribendi
1244 1055 1362 1091 ullam
1384 1062 1537 1092 senten-

203 1116 308 1154 tiam.
368 1118 446 1155 Sed
476 1116 507 1154 si
537 1116 672 1155 dedita
692 1130 820 1167 opera,
844 1131 934 1155 curn
966 1131 1083 1156 causa
1110 1120 1217 1156 nulla
1243 1127 1356 1166 esset,
1380 1120 1537 1158 tabella-

202 1181 278 1219 rios
299 1183 349 1220 ad
371 1190 408 1220 te
429 1195 519 1220 cum
540 1181 722 1219 inanibus
750 1181 925 1231 epistulis
953 1182 1157 1229 mitterem,
1182 1185 1349 1222 facerem
1381 1184 1538 1235 inepte,

202 1246 387 1284 euntibus
419 1260 520 1292 vero,
555 1246 782 1284 domesticis
817 1247 1054 1296 praesertim,
1091 1256 1133 1286 ut
1168 1248 1264 1286 nihil
1295 1250 1345 1287 ad
1377 1257 1414 1287 te
1444 1251 1535 1288 dem

146 1327 181 1357 15
202 1311 414 1349 litterarum
443 1313 569 1350 facere
591 1325 671 1349 non
698 1325 860 1361 possum
891 1320 928 1350 et
959 1312 1085 1359 simul,
1116 1314 1231 1352 crede
1257 1313 1363 1361 mihi,
1388 1315 1536 1365 requie-

201 1390 269 1415 sco
296 1378 457 1426 paulum
483 1376 522 1413 in
552 1376 611 1413 his
639 1376 813 1422 miseriis,
843 1390 935 1415 cum
965 1377 1075 1427 quasi
1106 1386 1237 1416 tecum
1268 1380 1417 1429 loquor,
1442 1394 1533 1419 cum

201 1455 292 1480 vero
314 1450 398 1479 tuas
420 1441 606 1491 epistulas
627 1443 724 1491 lego,
749 1443 873 1479 multo
894 1442 1011 1480 etiarn
1034 1443 1167 1492 magis.
1226 1444 1403 1483 Omnino
1424 1445 1534 1484 intel-

201 1508 287 1556 lego
326 1508 477 1544 nullum
516 1505 635 1544 fuisse
673 1514 829 1555 tempus
868 1514 955 1555 post
988 1508 1057 1544 has
1089 1509 1198 1557 fugas
1231 1516 1268 1546 et
1303 1510 1532 1549 formidines

201 1580 351 1610 nostras
373 1572 481 1620 quod
503 1571 624 1620 magis
645 1570 825 1609 debuerit
846 1579 999 1609 mutum
1017 1585 1101 1610 esse
1121 1587 1143 1610 a
1164 1573 1309 1621 litteris,
1326 1584 1533 1625 propterea

141 1655 182 1677 20
201 1638 310 1687 quod
341 1650 470 1686 neque
499 1638 652 1674 Romae
673 1636 885 1686 quicquam
906 1637 1063 1675 auditur
1083 1638 1173 1676 novi
1202 1653 1274 1678 nec
1296 1639 1334 1678 in
1357 1640 1415 1678 his
1437 1641 1534 1680 locis

201 1716 303 1752 quae
337 1716 359 1740 a
394 1700 604 1739 Brundisio
639 1701 782 1738 absunt
812 1701 972 1751 propius
1005 1716 1123 1752 quam
1155 1711 1195 1741 tu
1231 1704 1341 1743 bidui
1372 1714 1439 1744 aut
1474 1707 1534 1744 tri-

200 1768 279 1807 dui.
340 1768 524 1807 Brundisi
554 1776 687 1807 autern
717 1782 836 1807 omne
865 1776 1062 1807 certamen
1090 1769 1250 1807 vertitur
1277 1770 1392 1809 huius
1419 1771 1533 1821 primi

201 1835 397 1885 temporis.
458 1836 549 1883 Qua
569 1834 730 1884 quidem
745 1834 1037 1885 exspectatione
1053 1843 1248 1885 torqueor.
1308 1839 1385 1876 Sed
1400 1839 1535 1877 omnia

199 1909 290 1939 ante
323 1903 460 1939 Nonas
491 1901 670 1940 sciemus.
731 1903 885 1940 Eodem
926 1902 1031 1940 enim
1070 1902 1134 1941 die
1172 1903 1288 1942 video
1322 1906 1531 1944 Caesarem

144 1978 180 2008 25
200 1979 223 2003 a
243 1966 419 2004 Corfinio
449 1974 538 2016 post
568 1966 771 2004 meridiem
800 1968 1020 2016 profectum
1048 1981 1142 2014 esse,
1167 1967 1207 2006 id
1237 1977 1295 2007 est
1317 1970 1528 2018 Feralibus,

201 2044 280 2080 quo
302 2031 476 2070 Canusio
504 2045 618 2069 mane
648 2032 893 2081 Pompeium.
952 2034 1012 2070 Eo
1042 2034 1164 2072 modo
1194 2042 1325 2072 autern
1355 2036 1531 2074 ambulat

201 2096 346 2134 Caesar
366 2104 403 2133 et
425 2095 469 2133 iis
491 2096 674 2135 †diariis†
696 2096 863 2134 militum
886 2097 1124 2136 celeritatem
1145 2098 1280 2137 incitat
1308 2107 1349 2138 ut
1370 2100 1530 2140 timeam

200 2173 250 2197 ne
271 2160 384 2198 citius
413 2161 463 2198 ad
495 2161 748 2199 Brundisium
778 2175 896 2210 quam
918 2176 1017 2211 opus
1045 2163 1092 2200 sit
1119 2165 1336 2203 accesserit.
1398 2166 1527 2214 Dices,
1548 2176 1573 2204 2

245 2275 263 2293 2
288 2265 331 2294 sit
350 2265 490 2294 Lamb.:
522 2270 571 2294 est
597 2265 686 2296 codd.
819 2268 839 2295 6
864 2266 942 2306 iam]
968 2272 1079 2297 tamen
1098 2267 1273 2299 Lelmnum
1295 2270 1399 2301 ‘Am'
1417 2276 1450 2311 p.
1468 2282 1528 2311 195

201 2316 238 2336 21
264 2318 362 2346 quam
382 2312 415 2337 tu
434 2308 489 2338 del.
511 2307 635 2338 lllz‘illcr
763 2319 815 2347 ΩΙ,
835 2319 875 2339 22
900 2311 990 2340 bidui
1008 2317 1063 2341 aut
1082 2313 1184 2342 tridui
1202 2313 1288 2343 Reid
1301 2315 1368 2345 coll.
1388 2326 1416 2345 v.
1435 2317 1481 2346 16.
1495 2327 1525 2355 4,

206 2360 217 2379 1
227 2361 277 2388 7.1
293 2362 299 2380 ε
317 2351 450 2381 biduum
462 2356 520 2381 aut
532 2353 675 2381 triduum
687 2351 776 2383 codd.
863 2364 903 2391 24
923 2353 1038 2384 Nonas
1048 2354 1151 2385 Boot:
1171 2367 1232 2386 nos
1243 2357 1285 2386 M
1371 2369 1410 2397 25
1428 2370 1447 2389 a
1458 2370 1524 2390 om.

201 2393 314 2423 Baiter
411 2395 443 2424 id
468 2400 518 2424 est
537 2394 590 2424 M³
608 2395 707 2425 Rom.
727 2396 841 2427 codices
860 2397 1084 2437 Malaspinae:
1111 2410 1173 2430 om.
1195 2399 1249 2429 M¹
1349 2412 1387 2440 27
1413 2403 1528 2433 diariis

202 2437 266 2475 ’κυεῖ
279 2437 395 2477 diaris]
414 2437 470 2469 M:
498 2439 598 2469 dictis
614 2439 727 2469 codices
743 2440 822 2469 Bosi
836 2440 934 2471 Rom.
953 2453 959 2470 :
986 2443 1169 2480 congiariis
1185 2444 1263 2474 coni.
1285 2443 1358 2475 Vict.
