1773 2651
140 629 156 659 5

121 1013 157 1034 10

116 1665 154 1687 20

588 167 699 203 EPP.
732 167 810 203 AD
840 166 1100 204 ATTICVM
1438 166 1532 202 VII.
1552 165 1630 202 xix

178 276 425 326 legationem.
496 278 617 315 Plane
662 275 837 326 oppressi
883 276 1063 320 videmur
1110 290 1183 314 nec
1228 276 1323 326 quid
1369 275 1507 313 consili

177 341 331 390 capiam
352 342 444 380 scio.
505 343 590 380 Nec
611 355 674 380 me
691 343 849 380 hercule
870 343 920 380 de
941 356 1004 380 me
1025 342 1172 387 laboro,
1189 342 1239 379 de
1261 341 1390 391 pueris
1412 340 1507 390 quid

176 419 288 455 agam
317 420 396 445 non
426 407 566 445 habeo.
626 408 805 456 Capuam
828 414 960 444 tamen
991 405 1268 456 proficiscebar
1296 407 1393 444 haec
1421 405 1508 444 scri-

177 470 274 509 bens
296 485 376 521 quo
397 471 546 510 facilius
568 473 617 510 de
640 471 804 522 Pompei
827 472 942 510 rebus
963 484 1254 522 cognoscerem.

219 623 304 657 XX
503 626 572 657 Ser.
593 626 726 667 Capuae
742 626 829 658 Non.
848 626 939 658 Febr.
957 637 987 657 α.
1011 636 1066 666 705
1085 625 1172 668 (49).

645 714 819 745 CICERO
852 714 1035 745 ATTICO.

231 803 577 852 Breviloquentern
616 802 694 840 iam
734 816 798 840 me
837 810 993 851 tempus
1032 802 1160 852 ipsum
1200 802 1301 841 facit.
1364 804 1544 842 Paceml

176 868 281 906 enim
312 868 525 917 desperavi,
550 868 698 906 bellum
726 868 848 906 nostri
878 869 1030 905 nullum
1055 867 1339 906 administrant.
1401 869 1508 906 Cave

176 932 281 971 enim
302 941 416 982 putes
437 933 649 982 quicquam
672 946 756 971 esse
784 932 946 970 minoris
968 933 1027 970 his
1055 933 1284 971 consulibus
1302 949 1307 970 :
1339 946 1506 983 quorum

176 1011 250 1047 ego
276 1011 346 1047 spe
376 998 565 1036 audiendi
596 998 744 1047 aliquid
780 1006 817 1036 et
848 998 1115 1047 cognoscendi
1147 998 1267 1035 nostri
1299 1006 1506 1048 apparatus

176 1062 348 1100 maximo
378 1062 492 1101 imbri
515 1064 693 1112 Capuam
715 1063 803 1101 veni
834 1062 958 1112 pridie
990 1064 1137 1108 Nonas,
1162 1070 1203 1100 ut
1233 1076 1338 1100 eram
1366 1063 1503 1101 iussus.

177 1127 237 1165 Illi
277 1135 409 1166 autem
456 1129 634 1165 nondum
674 1135 861 1165 venerant
910 1128 979 1165 sed
1018 1136 1127 1165 erant
1167 1128 1318 1165 venturi
1357 1128 1507 1175 inanes,

175 1192 362 1242 imparati.
425 1193 585 1231 Gnaeus
615 1200 746 1230 autem
778 1192 967 1231 Luceriae
995 1193 1200 1231 dicebatur
1226 1206 1311 1231 esse
1335 1201 1372 1231 et
1399 1194 1506 1232 adire

175 1257 347 1295 cohortis
388 1257 585 1307 legionum
626 1257 896 1307 Appianarum
940 1271 1019 1296 non
1062 1258 1379 1296 firmissimarum.
1453 1261 1505 1296 At

175 1322 285 1359 illum
313 1335 422 1360 ruere
450 1322 632 1360 nuntiant
653 1330 690 1360 et
718 1322 793 1359 iam
816 1322 973 1372 iamque
996 1324 1148 1369 adesse,
1169 1336 1249 1361 non
1274 1331 1315 1361 ut
1343 1337 1503 1361 manum

175 1395 353 1425 conserat
385 1387 563 1436 (quicum
593 1387 698 1425 enim
713 1387 746 1437 ?)
776 1388 846 1425 sed
876 1395 917 1425 ut
952 1389 1083 1437 fugam
1113 1387 1358 1426 intercludat.
1419 1390 1503 1437 Ego
1522 1403 1547 1431 2

173 1460 305 1490 autem
337 1452 377 1489 in
412 1451 525 1490 Italia
561 1453 620 1490 καὶ
651 1453 1048 1491 συναποθανεῖν-ηερ
1078 1460 1116 1491 te
1145 1453 1185 1491 id
1217 1455 1405 1499 consu103
1445 1453 1504 1490 sin

173 1526 288 1564 extra,
312 1518 408 1567 quid
428 1520 532 1568 ago?
588 1519 652 1556 Ad
680 1519 922 1556 manendum
947 1517 1084 1564 hiems,
1107 1517 1272 1564 lictores,
1296 1518 1504 1568 improvidi

173 1590 211 1620 et
246 1584 496 1632 neglegentes
536 1584 668 1629 duces,
700 1584 751 1620 ad
786 1584 917 1633 fugam
950 1583 1125 1620 hortatur
1158 1582 1329 1620 amicitia
1364 1582 1502 1629 Gnaei,

174 1661 291 1685 causa
321 1648 532 1695 bonorum,
562 1647 764 1697 turpitudo
795 1647 1061 1698 coniungendi
1096 1660 1185 1685 cum
1216 1655 1406 1697 tyrann0;
1437 1647 1505 1697 qui

173 1712 335 1762 quidem
366 1712 557 1751 incertum
589 1720 646 1750 est
678 1712 927 1751 Phalarimne
957 1726 1007 1750 an
1039 1712 1282 1750 Pisistratum
1308 1712 1355 1750 sit
1383 1712 1506 1750 imita-

173 1785 290 1815 turus.
353 1779 467 1815 Haec
497 1777 613 1815 velim
644 1777 814 1826 explices
845 1785 883 1815 et
915 1791 977 1815 me
1008 1777 1115 1815 iuves
1146 1777 1336 1824 consilio,
1365 1777 1436 1816 etsi
1467 1785 1504 1815 te

172 1841 302 1891 ipsum
336 1841 422 1880 istic
454 1842 530 1880 iam
561 1843 686 1880 calere
716 1850 822 1892 puto,
856 1844 925 1880 sed
957 1850 1088 1881 tamen
1120 1851 1312 1892 quantum
1344 1843 1500 1892 poteris.

174 1908 259 1956 Ego
276 1907 306 1944 si
328 1907 423 1956 quid
441 1907 504 1944 hic
520 1906 640 1945 hodie
657 1906 747 1944 novi
761 1920 944 1956 cognoro,
965 1907 1063 1945 scies
1081 1922 1088 1953 ;
1119 1907 1196 1945 iam
1214 1907 1319 1945 enim
1335 1909 1502 1946 aderunt

172 1973 355 2009 consules
375 1972 426 2010 ad
447 1985 535 2009 suas
558 1972 707 2009 Nonas.
766 1972 873 2009 Tuas
901 1971 1046 2010 cotidie
1074 1971 1219 2009 litteras
1240 1973 1504 2022 exspectabo;

172 2036 223 2073 ad
244 2036 313 2073 has
333 2043 465 2074 autem
487 2049 576 2074 cum
598 2035 743 2085 poteris
765 2036 963 2074 rescribes.
1027 2036 1213 2075 Mulieres
1235 2044 1272 2075 et
1289 2037 1502 2076 Cicerones

173 2100 212 2137 in
235 2100 444 2138 Formiano
465 2100 613 2150 reliqui.

215 2214 236 2241 9
261 2203 382 2233 minori
408 2204 461 2233 his
483 2203 677 2233 consulibus
705 2213 815 2234 curae.
864 2203 935 2242 Ego
962 2203 1085 2234 Miiller
1243 2215 1281 2235 10
1306 2205 1385 2246 ego]
1419 2217 1503 2246 ergo

172 2246 295 2276 Rosius
378 2251 452 2286 post
470 2256 611 2285 quorum
634 2245 710 2276 add.
734 2252 851 2276 vocatu
875 2247 924 2276 vel
944 2248 1050 2277 simule
1068 2247 1150 2286 quid
1169 2247 1254 2278 Reid
1371 2259 1408 2279 12
1428 2253 1504 2290 post

172 2295 284 2320 autem
313 2289 371 2319 dat
394 2290 502 2319 adhuc
532 2290 563 2319 id
596 2294 648 2319 est
678 2289 788 2320 Nonis
817 2290 844 2320 C
867 2291 1042 2331 (glossema
1071 2295 1108 2321 ut
1139 2291 1275 2330 videtur)
1426 2298 1503 2333 post

171 2333 307 2363 venturi
334 2332 408 2363 add.
437 2334 477 2363 ad
506 2333 626 2363 Nonas
654 2332 774 2372 Tyrrell
907 2344 944 2372 14
968 2334 1202 2373 Appianarum
1229 2335 1370 2375 Lipsius,
1390 2337 1428 2375 cf.
1450 2346 1497 2375 15.

172 2386 213 2414 3:
240 2377 399 2406 itinarum
424 2375 500 2407 M¹:
527 2376 683 2406 itinerum
709 2376 785 2407 Mss:
811 2376 1024 2408 Attianarum
1050 2378 1138 2418 vulg.
1305 2389 1346 2417 23
1370 2379 1497 2421 calere]

171 2429 285 2449 carere
310 2419 408 2450 Rom.
430 2418 579 2450 Muretus
