1732 2661
618 585 791 626 L1BER
831 586 1120 626 SECVNDVS

624 686 727 734 AD
780 686 1115 733 ATTICVM

243 827 271 864 1
565 829 634 862 δυ’.
656 830 784 860 Romae
802 842 845 862 m.
864 830 939 862 Iun.
960 842 990 862 a.
1014 831 1077 871 694
1099 832 1178 872 (ool.

611 919 787 950 CICERO
820 919 992 950 ATTICO
1025 919 1122 950 SAL.

162 1016 180 1044 1
261 1007 365 1043 KAL.
389 1008 527 1044 IUN11S
548 1007 656 1044 eunti
677 1007 773 1044 mihi
794 1007 959 1044 Antium
984 1015 1021 1045 et
1045 1006 1278 1056 gladiatores
1301 1008 1355 1043 M.
1379 1007 1531 1044 Metelli

199 1072 343 1122 cupide
364 1070 599 1120 relinquenti
623 1069 727 1108 venit
749 1069 905 1108 obviam
929 1078 1017 1108 tuus
1042 1084 1147 1120 puer.
1209 1072 1248 1108 Is
1269 1070 1365 1108 mihi
1386 1071 1531 1108 litteras

198 1137 269 1174 abs
300 1144 337 1174 te
364 1143 402 1173 et
434 1134 762 1173 commentarium
796 1137 1022 1172 consulatus
1055 1135 1132 1173 mei
1161 1136 1311 1173 Graece
1341 1135 1529 1184 scriptum
1551 1144 1568 1174 5

199 1201 380 1240 reddidit.
444 1201 490 1238 In
516 1213 596 1250 quo
621 1201 784 1238 laetatus
807 1213 893 1237 sum
916 1213 978 1238 me
998 1199 1201 1249 aliquanto
1222 1208 1312 1237 ante
1332 1201 1382 1238 de
1404 1199 1528 1238 isdem

198 1266 314 1304 rebus
342 1267 491 1304 Graece
522 1264 615 1302 item
641 1264 828 1313 scriptum
856 1265 998 1302 librum
1025 1266 1067 1302 L.
1092 1264 1276 1303 Cossinio
1303 1265 1353 1303 ad
1384 1272 1421 1302 te
1449 1278 1529 1314 per-

198 1332 403 1369 ferendum
432 1329 587 1368 dedisse
603 1344 612 1377 3
642 1343 733 1367 nam
755 1329 785 1367 si
807 1343 879 1379 ego
901 1337 1012 1367 tuum
1033 1338 1123 1367 ante
1144 1329 1334 1378 legissem,
1359 1331 1527 1367 furatum

198 1409 261 1434 me
291 1396 362 1434 abs
397 1403 434 1433 te
466 1408 550 1433 esse
584 1394 744 1433 diceres.
806 1396 1060 1444 Quamquam
1096 1402 1162 1432 tua
1196 1394 1260 1432 illa
1295 1394 1386 1445 (legi
1421 1394 1526 1433 enim

196 1460 378 1509 libenter)
420 1460 619 1498 horridula
662 1459 758 1498 mihi
796 1468 915 1510 atque
954 1459 1155 1509 incompta
1194 1459 1275 1497 visa
1314 1468 1415 1507 sunt,
1456 1462 1526 1499 sed
1553 1472 1589 1493 10

196 1533 327 1564 tamen
353 1534 462 1564 erant
492 1533 628 1564 ornata
657 1526 733 1564 hoc
763 1525 849 1575 ipso
880 1526 988 1575 quod
1017 1533 1247 1563 ornamenta
1277 1527 1526 1574 neglexerant

195 1599 244 1637 et,
269 1600 310 1629 ut
332 1591 522 1637 mulieres,
546 1590 637 1629 ideo
659 1591 760 1629 bene
788 1593 892 1629 olere
920 1591 1012 1641 quia
1040 1591 1137 1628 nihil
1162 1591 1321 1629 olebant
1342 1590 1528 1628 videban-

195 1663 266 1694 tur.
328 1658 444 1694 Meus
473 1663 605 1694 autem
632 1655 729 1694 liber
756 1664 883 1694 totum
906 1656 1069 1694 Isocrati
1092 1656 1378 1705 myrothecium
1408 1663 1527 1705 atque

194 1721 323 1759 omnis
344 1721 427 1759 eius
448 1720 731 1771 discipulorum
752 1723 902 1760 arculas
929 1735 976 1760 ac
1003 1735 1084 1760 non
1112 1721 1208 1759 nihil
1236 1721 1354 1760 etiam
1379 1721 1525 1759 Aristo-

195 1786 285 1823 telia
319 1785 519 1835 pigmenta
553 1786 807 1836 consumpsit.
870 1789 1002 1837 Quem
1037 1796 1077 1825 tu
1111 1788 1314 1836 Corcyrae,
1350 1794 1393 1824 ut
1428 1786 1582 1827 mihi15

194 1850 278 1888 aliis
303 1851 437 1888 litteris
462 1851 670 1900 significas,
692 1852 854 1890 strictim
884 1853 1053 1903 attigisti,
1078 1860 1166 1902 post
1189 1860 1333 1899 autem,
1356 1859 1399 1889 ut
1427 1851 1525 1889 arbi-

194 1924 281 1961 tror,
305 1929 327 1954 a
348 1915 532 1955 Cossinio
552 1917 748 1967 accepisti.
813 1919 944 1967 Quem
971 1918 1041 1956 tibi
1063 1931 1135 1968 ego
1156 1931 1237 1955 non
1259 1930 1385 1956 essem
1406 1930 1524 1955 ausus

149 1991 173 2018 2
194 1980 345 2019 mittere
376 1981 449 2018 nisi
481 1995 571 2019 eum
600 1984 703 2021 lente
734 1997 780 2022 ac
811 1984 1013 2023 fastidiose
1040 1983 1316 2034 probavissem.
1377 1983 1524 2030 Quam-

192 2059 311 2095 quam
332 2047 382 2083 ad
404 2059 466 2084 me
487 2047 682 2097 rescripsit
716 2049 793 2087 iam
826 2050 974 2088 Rhodo
1002 2048 1238 2087 Posidonius
1263 2061 1316 2095 se,
1343 2054 1521 2084 nostrum

191 2110 287 2149 illud
308 2112 506 2161 ὑπόμνημα
525 2127 607 2151 cum
630 2116 783 2164 legeret,
809 2116 917 2164 quod
939 2128 1011 2165 ego
1031 2115 1081 2152 ad
1102 2127 1193 2152 eum
1215 2121 1256 2151 ut
1277 2112 1450 2150 ornatius
1471 2113 1521 2149 de
1544 2120 1583 2141 20

191 2175 316 2214 isdem
351 2177 467 2215 rebus
498 2178 682 2218 scriberet
718 2180 910 2227 miseram,
943 2193 1025 2218 non
1052 2180 1173 2217 modo
1198 2191 1277 2216 non
1310 2176 1520 2215 excitatum

190 2254 275 2279 esse
312 2243 363 2280 ad
402 2242 655 2282 scribendum
695 2246 764 2283 sed
803 2244 921 2283 etiam
959 2246 1075 2294 plane
1113 2242 1350 2282 deterritum.
1412 2241 1520 2291 Quid

191 2307 373 2356 quaeris?
421 2309 653 2348 conturbavi
694 2312 885 2349 Graecam
925 2309 1137 2348 nationem.
1199 2309 1259 2346 Ita
1297 2308 1414 2357 vulgo
1453 2306 1520 2356 qui

234 2413 255 2442 6
280 2423 332 2443 me
351 2417 395 2444 Σῑ
420 2424 484 2444 om.
507 2420 534 2444 Δ
650 2425 688 2454 19
713 2415 886 2453 rescripsit
905 2415 962 2444 Μῑ
990 2414 1124 2453 scripsit
1144 2413 1171 2443 C
1283 2423 1324 2442 20
1349 2422 1423 2442 cum
1441 2411 1515 2442 add.

190 2456 277 2496 vulg.
416 2468 456 2486 ‘22
482 2459 678 2489 deterritum
696 2457 836 2489 Lamb.:
862 2459 1078 2497 pei-territum
1097 2457 1139 2487 M
