1773 2651
174 178 221 215 V.
245 178 322 214 xxi
663 179 718 216 M.
752 179 919 216 TVLLI
952 178 1259 217 CICERONIS

270 288 382 327 tianti
421 291 513 328 dare
554 289 679 339 (quod
721 289 825 327 idem
867 289 936 327 tibi
976 291 1236 328 ostenderam.
1303 289 1375 328 Cn.
1410 288 1601 338 Pompeio

270 355 420 404 petenti
450 356 657 405 probaram
689 354 911 392 institutum
942 369 1085 401 meum,
1113 355 1208 404 quid
1239 355 1368 393 dicam
1399 356 1602 404 Torquato

270 420 320 458 de
344 422 398 458 Μ.
425 420 573 458 Laenio
601 427 680 466 tuo,
705 420 836 457 multis
861 419 944 457 aliis
959 419 1018 469 ?);
1049 420 1107 457 sin
1137 421 1356 469 praefectus
1377 421 1493 457 vellet
1517 432 1601 457 esse

270 486 512 534 syngraphae
534 498 661 530 causa,
686 498 748 522 me
776 492 1000 522 curaturum
1032 493 1073 522 ut
1095 485 1272 534 exigeret.
1334 483 1486 522 Gratias
1511 483 1602 533 egit,

269 549 458 588 discessit.
519 550 672 600 Appius
705 558 837 588 noster
872 558 1018 587 turmas
1050 550 1199 599 aliquot
1232 549 1409 599 equitum
1440 550 1638 592 dederat5

269 615 361 653 huic
401 615 560 665 Scaptio
599 628 667 664 per
707 628 803 664 quas
847 614 1080 653 Salaminios
1113 622 1321 659 coerceret,
1357 622 1394 652 et
1430 615 1601 652 eundem

269 680 459 718 habuerat
482 681 722 729 praefectum
742 695 748 725 3
779 680 944 718 vexabat
965 679 1209 717 Salaminios.
1271 681 1356 729 Ego
1378 678 1529 728 equites
1556 692 1603 716 ex

214 755 250 782 11
271 746 401 794 Cypro
422 746 615 783 decedere
636 745 740 782 iussi.
789 746 959 782 Moleste
980 744 1065 782 tulit
1083 744 1272 794 Scaptius.
1321 744 1428 792 Quid
1451 745 1603 781 multa?

269 819 311 848 ut
332 811 366 849 ei
389 812 508 848 fidem
532 824 659 849 meam
682 817 1037 860 praestarem,cum
1059 811 1109 848 ad
1132 824 1194 848 me
1216 810 1416 848 Salaminii
1434 811 1601 847 Tarsum

268 875 466 913 venissent
489 884 525 914 et
547 876 585 913 in
608 876 652 913 iis
675 876 868 925 Scaptius,
890 875 1077 925 imperavi
1100 882 1140 913 ut
1162 875 1371 925 pecuniam
1393 876 1598 912 solverent.
1626 892 1663 913 10

269 942 398 978 Multa
415 942 464 979 de
486 942 716 991 syngrapha,
740 942 790 979 de
813 940 945 990 Scapti
966 940 1126 978 iniuriis.
1189 940 1339 989 Negavi
1363 953 1424 977 me
1441 939 1576 977 audire
1594 954 1602 986 3

268 1008 444 1044 hortatus
467 1020 564 1052 sum,
585 1006 704 1056 petivi
721 1006 838 1044 etiam
857 1019 927 1055 pro
950 1005 1046 1043 meis
1064 1005 1103 1043 in
1117 1005 1314 1043 civitatem
1336 1004 1539 1043 beneficiis
1561 1012 1602 1042 ut

268 1070 470 1121 negotium
489 1072 740 1117 conficerent,
757 1070 835 1109 dixi
853 1070 1026 1120 denique
1040 1084 1103 1116 me
1119 1078 1359 1108 coacturum.
1404 1069 1601 1107 Homines

269 1150 348 1174 non
389 1137 510 1174 modo
542 1150 622 1174 non
658 1150 835 1175 recusare
867 1137 936 1174 sed
972 1135 1089 1174 etiam
1125 1137 1201 1174 hoc
1233 1135 1376 1182 dicere,
1411 1148 1452 1173 se
1485 1147 1507 1172 a
1540 1147 1602 1172 me

268 1203 429 1240 solvere.
472 1203 593 1250 Quod
610 1201 715 1240 enim
733 1201 900 1251 praetori
922 1202 1014 1240 dare
1036 1208 1304 1247 consuessent,
1323 1199 1511 1250 quoniam
1528 1212 1601 1249 ego
1625 1216 1660 1247 ¹5

268 1281 348 1305 non
376 1281 616 1317 acceperam,
641 1281 682 1305 se
711 1281 734 1305 a
762 1281 824 1305 me
855 1268 1029 1316 quodam
1060 1268 1182 1305 modo
1212 1268 1305 1304 dare
1334 1274 1453 1315 atque
1483 1264 1601 1303 etiam

268 1332 397 1370 minus
428 1346 513 1370 esse
542 1332 745 1382 aliquanto
781 1332 820 1369 in
851 1331 982 1382 Scapti
1013 1331 1175 1370 nomine
1205 1345 1323 1381 quam
1354 1331 1393 1368 in
1423 1330 1602 1380 vectigali

268 1398 472 1448 praetorio.
535 1396 783 1436 Conlaudavi
804 1397 997 1435 homines.
1058 1400 1066 1415 ‘
1085 1398 1230 1434 Recte'
1251 1395 1378 1446 inquit
1408 1395 1599 1446 Scaptius,

268 1464 362 1501 ‘sed
393 1463 662 1500 subducamus
694 1463 913 1500 summam.'
973 1460 1136 1499 Interim
1169 1475 1258 1499 cum
1292 1474 1365 1510 ego
1397 1460 1436 1498 in
1471 1460 1603 1499 edicto

268 1527 507 1566 translaticio
546 1527 781 1565 centesimas
829 1540 893 1565 me
936 1527 1234 1564 observaturum
1279 1526 1465 1564 haberem
1511 1539 1602 1564 cum
1625 1542 1664 1564 20

268 1592 513 1631 anatocismo
543 1592 817 1638 anniversario,
842 1591 905 1630 ille
936 1605 982 1630 ex
1012 1592 1231 1641 syngrapha
1262 1591 1485 1640 postulabat
1512 1603 1604 1640 qua-

269 1667 408 1697 ternas.
491 1657 625 1706 ‘Quid
659 1657 766 1695 ais?⁷
816 1657 988 1707 inquam,
1024 1659 1263 1706 ‘possumne
1295 1663 1430 1693 contra
1470 1668 1603 1693 meum

269 1724 495 1762 edictum?'
571 1725 623 1760 At
663 1723 726 1760 ille
765 1724 910 1772 profert
957 1730 1114 1760 senatus
1161 1723 1385 1760 consultum
1434 1722 1604 1758 Lentulo

272 1789 534 1839 Philippoque
573 1788 813 1835 consulibus,
847 1800 898 1825 VT
932 1799 1000 1832 Qvi
1038 1788 1237 1826 C1L1C1AM
1271 1798 1509 1825 OBTINERET
1541 1797 1604 1823 1vs

210 1866 252 1895 12
273 1867 324 1892 Ex
360 1867 452 1892 ILLA
488 1866 737 1892 SYNGRAPHA
773 1865 965 1891 DICERET.
1037 1852 1231 1891 Cohorrui
1266 1852 1417 1902 primo,
1457 1851 1603 1889 etenim
1625 1867 1662 1899 25

271 1928 351 1959 erat
372 1920 550 1958 interitus
571 1919 747 1957 civitatis.
802 1918 973 1968 Reperio
995 1919 1076 1956 duo
1098 1925 1255 1956 senatus
1276 1918 1456 1956 consulta
1476 1916 1603 1954 isdem

271 1985 499 2024 consulibus
529 1986 579 2022 de
610 1985 749 2022 eadem
782 1985 1011 2033 syngrapha.
1086 1982 1287 2021 Salaminii
1323 1995 1411 2020 cum
1450 1983 1604 2019 Romae

270 2064 467 2088 versuram
503 2051 629 2088 facere
661 2051 815 2096 vellent,
851 2062 932 2087 non
965 2055 1157 2098 poterant,
1194 2048 1302 2097 quod
1341 2048 1401 2085 lex
1435 2045 1604 2084 Gabinia

270 2116 437 2153 vetabat.
498 2116 603 2152 Tum
639 2114 684 2152 iis
722 2114 830 2152 Bruti
866 2113 1073 2151 familiares
1106 2112 1190 2151 freti
1220 2111 1341 2162 gratia
1372 2110 1480 2149 Bruti
1510 2112 1604 2149 dare

270 2182 455 2219 volebant
483 2179 693 2230 quaternis,
716 2180 746 2217 si
775 2179 849 2217 sibi
879 2186 1037 2216 senatus
1058 2179 1240 2216 consulto
1271 2183 1479 2215 caveretur.
1542 2175 1602 2213 Fit
1623 2187 1664 2217 30

270 2245 391 2295 gratia
413 2244 522 2282 Bruti
553 2252 711 2283 senatus
740 2245 977 2289 consultum,
1001 2254 1053 2279 VT
1081 2254 1192 2280 NEVE
1220 2243 1467 2280 SALAMINIIS
1493 2252 1603 2277 NEVE

271 2322 340 2355 QVI
372 2322 435 2348 E1s
466 2322 665 2347 DED1sSET
698 2321 849 2346 FRAVDI
882 2319 1013 2346 EssET.
1090 2306 1302 2345 Pecuniam
1335 2312 1599 2344 numerarunt.

316 2425 354 2444 10
380 2415 411 2444 in
432 2414 470 2444 iis
489 2413 574 2444 codd.
598 2425 604 2442 t
630 2423 695 2442 una
713 2412 733 2441 I
752 2412 941 2451 ll'escnchg
1076 2420 1112 2448 13
1139 2411 1207 2440 dixi
1227 2410 1372 2448 denique
1391 2413 1413 2441 Σ
1430 2419 1436 2438 2
1454 2408 1601 2446 denique

269 2458 338 2487 dixi
358 2463 384 2487 Δ
518 2467 553 2486 21
581 2461 765 2496 quaternas
788 2455 864 2485 l't'cl.
883 2467 890 2486 ;
915 2455 970 2484 illo
990 2454 1029 2484 M
1052 2455 1079 2492 j.
1095 2466 1116 2484 c.
1139 2456 1208 2483 1111‘1
