<?xml version="1.0" encoding="UTF-8"?>
<!DOCTYPE html PUBLIC "-//W3C//DTD XHTML 1.0 Transitional//EN"
    "http://www.w3.org/TR/xhtml1/DTD/xhtml1-transitional.dtd">
<html xmlns="http://www.w3.org/1999/xhtml" xml:lang="en" lang="en">
 <head>
  <title>
</title>
<meta http-equiv="Content-Type" content="text/html;charset=utf-8" />
  <meta name='ocr-system' content='tesseract 3.04.00' />
  <meta name='ocr-capabilities' content='ocr_page ocr_carea ocr_par ocr_line ocrx_word'/>
</head>
<body>
  <div class='ocr_page' id='page_1' title='image "./p1epistulaerecog02ciceuoft_0230.png"; bbox 0 0 1773 2651; ppageno 0'>
   <div class='ocr_carea' id='block_1_1' title="bbox 163 165 1227 204">
    <p class='ocr_par' dir='ltr' id='par_1_1' title="bbox 163 165 1227 204">
     <span class='ocr_line' id='line_1_1' title="bbox 163 165 1227 204; baseline 0 -2"><span class='ocrx_word' id='word_1_1' title='bbox 163 166 305 204; x_wconf 85' lang='lat' dir='ltr'><strong>V11.ii</strong></span> <span class='ocrx_word' id='word_1_2' title='bbox 627 166 682 203; x_wconf 89' lang='lat' dir='ltr'><strong>M.</strong></span> <span class='ocrx_word' id='word_1_3' title='bbox 717 166 886 203; x_wconf 91' lang='lat' dir='ltr'>TVLLI</span> <span class='ocrx_word' id='word_1_4' title='bbox 920 165 1227 204; x_wconf 85' lang='lat' dir='ltr'>CICERONIS</span> 
     </span>
    </p>
   </div>
   <div class='ocr_carea' id='block_1_2' title="bbox 266 275 1598 457">
    <p class='ocr_par' dir='ltr' id='par_1_2' title="bbox 266 275 1598 457">
     <span class='ocr_line' id='line_1_2' title="bbox 268 275 1595 326; baseline -0.002 -11"><span class='ocrx_word' id='word_1_5' title='bbox 268 278 318 315; x_wconf 93' lang='lat' dir='ltr'><strong>de</strong></span> <span class='ocrx_word' id='word_1_6' title='bbox 348 276 530 326; x_wconf 86' lang='lat' dir='ltr'><strong>periculis</strong></span> <span class='ocrx_word' id='word_1_7' title='bbox 560 276 613 315; x_wconf 92' lang='lat' dir='ltr'><strong>rei</strong></span> <span class='ocrx_word' id='word_1_8' title='bbox 644 276 837 326; x_wconf 89' lang='lat' dir='ltr'><strong>publicae.</strong></span> <span class='ocrx_word' id='word_1_9' title='bbox 899 275 1008 324; x_wconf 86' lang='lat' dir='ltr'>Quid</span> <span class='ocrx_word' id='word_1_10' title='bbox 1034 275 1320 314; x_wconf 77' lang='lat' dir='ltr'><strong>rescriberem?</strong></span> <span class='ocrx_word' id='word_1_11' title='bbox 1349 276 1463 314; x_wconf 88' lang='lat' dir='ltr'><strong>valde</strong></span> <span class='ocrx_word' id='word_1_12' title='bbox 1492 288 1595 314; x_wconf 86' lang='lat' dir='ltr'><strong>eram</strong></span> 
     </span>
     <span class='ocr_line' id='line_1_3' title="bbox 268 340 1598 391; baseline 0 -12"><span class='ocrx_word' id='word_1_13' title='bbox 268 343 526 391; x_wconf 84' lang='lat' dir='ltr'><strong>perturbatus.</strong></span> <span class='ocrx_word' id='word_1_14' title='bbox 585 343 664 380; x_wconf 90' lang='lat' dir='ltr'><strong>Sed</strong></span> <span class='ocrx_word' id='word_1_15' title='bbox 704 349 745 379; x_wconf 94' lang='lat' dir='ltr'><strong>ut</strong></span> <span class='ocrx_word' id='word_1_16' title='bbox 785 340 882 378; x_wconf 87' lang='lat' dir='ltr'><strong>nihil</strong></span> <span class='ocrx_word' id='word_1_17' title='bbox 922 354 1066 391; x_wconf 84' lang='lat' dir='ltr'><strong>magno</strong></span> <span class='ocrx_word' id='word_1_18' title='bbox 1105 354 1224 390; x_wconf 88' lang='lat' dir='ltr'><strong>opere</strong></span> <span class='ocrx_word' id='word_1_19' title='bbox 1256 347 1430 378; x_wconf 86' lang='lat' dir='ltr'><strong>metuam</strong></span> <span class='ocrx_word' id='word_1_20' title='bbox 1466 340 1598 379; x_wconf 86' lang='lat' dir='ltr'><strong>Parthi</strong></span> 
     </span>
     <span class='ocr_line' id='line_1_4' title="bbox 266 405 1420 457; baseline -0.002 -12"><span class='ocrx_word' id='word_1_21' title='bbox 266 406 415 445; x_wconf 88' lang='lat' dir='ltr'><strong>faciunt</strong></span> <span class='ocrx_word' id='word_1_22' title='bbox 436 406 502 456; x_wconf 90' lang='lat' dir='ltr'><strong>qui</strong></span> <span class='ocrx_word' id='word_1_23' title='bbox 524 414 684 457; x_wconf 87' lang='lat' dir='ltr'><strong>repente</strong></span> <span class='ocrx_word' id='word_1_24' title='bbox 707 405 894 444; x_wconf 85' lang='lat' dir='ltr'>Bibulum</span> <span class='ocrx_word' id='word_1_25' title='bbox 917 405 1148 444; x_wconf 86' lang='lat' dir='ltr'><strong>semivivum</strong></span> <span class='ocrx_word' id='word_1_26' title='bbox 1170 405 1420 455; x_wconf 88' lang='lat' dir='ltr'><strong>reliquerunt.</strong></span> 
     </span>
    </p>
   </div>
   <div class='ocr_carea' id='block_1_3' title="bbox 309 564 1636 702">
    <p class='ocr_par' dir='ltr' id='par_1_3' title="bbox 309 564 1636 702">
     <span class='ocr_line' id='line_1_5' title="bbox 309 564 1303 605; baseline -0.003 -5"><span class='ocrx_word' id='word_1_27' title='bbox 309 564 382 600; x_wconf 86' lang='lat'><strong>111</strong></span> <span class='ocrx_word' id='word_1_28' title='bbox 556 566 626 599; x_wconf 72' lang='lat' dir='ltr'><strong>Ser.</strong></span> <span class='ocrx_word' id='word_1_29' title='bbox 643 567 676 598; x_wconf 84' lang='lat' dir='ltr'><strong>in</strong></span> <span class='ocrx_word' id='word_1_30' title='bbox 700 565 880 598; x_wconf 79' lang='lat' dir='ltr'><strong>Trebulano</strong></span> <span class='ocrx_word' id='word_1_31' title='bbox 897 576 916 597; x_wconf 86' lang='lat' dir='ltr'><em>v</em></span> <span class='ocrx_word' id='word_1_32' title='bbox 931 565 981 597; x_wconf 88' lang='lat' dir='ltr'><strong>Id.</strong></span> <span class='ocrx_word' id='word_1_33' title='bbox 999 565 1073 597; x_wconf 85' lang='lat' dir='ltr'><strong>Dec.</strong></span> <span class='ocrx_word' id='word_1_34' title='bbox 1090 576 1121 597; x_wconf 83' lang='lat' dir='ltr'><strong>a.</strong></span> <span class='ocrx_word' id='word_1_35' title='bbox 1141 575 1200 605; x_wconf 83' lang='lat'><strong>704</strong></span> <span class='ocrx_word' id='word_1_36' title='bbox 1222 565 1303 605; x_wconf 78' lang='lat'>(50).</span> 
     </span>
     <span class='ocr_line' id='line_1_6' title="bbox 683 653 1636 702; baseline -0.004 -16"><span class='ocrx_word' id='word_1_37' title='bbox 683 654 858 686; x_wconf 82' lang='lat' dir='ltr'>CICERO</span> <span class='ocrx_word' id='word_1_38' title='bbox 883 653 1055 685; x_wconf 87' lang='lat' dir='ltr'><strong>ATTICO</strong></span> <span class='ocrx_word' id='word_1_39' title='bbox 1081 653 1177 684; x_wconf 81' lang='lat' dir='ltr'>SAL.</span> <span class='ocrx_word' id='word_1_40' title='bbox 1618 670 1636 702; x_wconf 77' lang='lat'>5</span> 
     </span>
    </p>
   </div>
   <div class='ocr_carea' id='block_1_4' title="bbox 217 742 1656 2293">
    <p class='ocr_par' dir='ltr' id='par_1_4' title="bbox 228 742 1656 1514">
     <span class='ocr_line' id='line_1_7' title="bbox 228 742 1595 785; baseline -0.004 0"><span class='ocrx_word' id='word_1_41' title='bbox 228 758 245 785; x_wconf 93' lang='lat'>1</span> <span class='ocrx_word' id='word_1_42' title='bbox 321 746 367 782; x_wconf 90' lang='lat' dir='ltr'><strong>A.</strong></span> <span class='ocrx_word' id='word_1_43' title='bbox 400 746 436 783; x_wconf 91' lang='lat' dir='ltr'><strong>d.</strong></span> <span class='ocrx_word' id='word_1_44' title='bbox 471 756 543 781; x_wconf 82' lang='lat' dir='ltr'><strong>vm</strong></span> <span class='ocrx_word' id='word_1_45' title='bbox 580 745 676 782; x_wconf 86' lang='lat' dir='ltr'><strong>Idus</strong></span> <span class='ocrx_word' id='word_1_46' title='bbox 709 744 917 782; x_wconf 88' lang='lat' dir='ltr'><strong>Decembr.</strong></span> <span class='ocrx_word' id='word_1_47' title='bbox 952 744 1201 781; x_wconf 80' lang='lat' dir='ltr'>Aeculanum</span> <span class='ocrx_word' id='word_1_48' title='bbox 1232 742 1321 781; x_wconf 88' lang='lat' dir='ltr'><strong>veni</strong></span> <span class='ocrx_word' id='word_1_49' title='bbox 1356 749 1394 780; x_wconf 92' lang='lat' dir='ltr'><strong>et</strong></span> <span class='ocrx_word' id='word_1_50' title='bbox 1424 742 1478 780; x_wconf 93' lang='lat' dir='ltr'><strong>ibi</strong></span> <span class='ocrx_word' id='word_1_51' title='bbox 1509 749 1595 781; x_wconf 88' lang='lat' dir='ltr'><strong>tuas</strong></span> 
     </span>
     <span class='ocr_line' id='line_1_8' title="bbox 264 807 1596 859; baseline -0.002 -11"><span class='ocrx_word' id='word_1_52' title='bbox 264 810 410 848; x_wconf 82' lang='lat' dir='ltr'><strong>litteras</strong></span> <span class='ocrx_word' id='word_1_53' title='bbox 432 809 504 859; x_wconf 85' lang='lat' dir='ltr'><strong>legi</strong></span> <span class='ocrx_word' id='word_1_54' title='bbox 527 823 623 859; x_wconf 87' lang='lat' dir='ltr'><strong>quas</strong></span> <span class='ocrx_word' id='word_1_55' title='bbox 647 809 881 847; x_wconf 83' lang='lat' dir='ltr'>Philotimus</span> <span class='ocrx_word' id='word_1_56' title='bbox 912 808 1008 846; x_wconf 86' lang='lat' dir='ltr'><strong>mihi</strong></span> <span class='ocrx_word' id='word_1_57' title='bbox 1030 807 1212 846; x_wconf 86' lang='lat' dir='ltr'><strong>reddidit.</strong></span> <span class='ocrx_word' id='word_1_58' title='bbox 1274 809 1307 846; x_wconf 92' lang='lat' dir='ltr'>E</span> <span class='ocrx_word' id='word_1_59' title='bbox 1329 807 1473 857; x_wconf 88' lang='lat' dir='ltr'><strong>quibus</strong></span> <span class='ocrx_word' id='word_1_60' title='bbox 1494 809 1596 846; x_wconf 90' lang='lat' dir='ltr'><strong>hanc</strong></span> 
     </span>
     <span class='ocr_line' id='line_1_9' title="bbox 264 872 1592 925; baseline -0.001 -12"><span class='ocrx_word' id='word_1_61' title='bbox 264 875 392 925; x_wconf 92' lang='lat' dir='ltr'><strong>primo</strong></span> <span class='ocrx_word' id='word_1_62' title='bbox 412 883 573 925; x_wconf 87' lang='lat' dir='ltr'><strong>aspectu</strong></span> <span class='ocrx_word' id='word_1_63' title='bbox 594 876 836 924; x_wconf 83' lang='lat' dir='ltr'><strong>voluptatem</strong></span> <span class='ocrx_word' id='word_1_64' title='bbox 858 874 945 924; x_wconf 91' lang='lat' dir='ltr'><strong>cepi</strong></span> <span class='ocrx_word' id='word_1_65' title='bbox 960 875 1068 924; x_wconf 84' lang='lat' dir='ltr'><strong>quod</strong></span> <span class='ocrx_word' id='word_1_66' title='bbox 1082 881 1191 912; x_wconf 87' lang='lat' dir='ltr'><strong>erant</strong></span> <span class='ocrx_word' id='word_1_67' title='bbox 1212 887 1234 911; x_wconf 95' lang='lat' dir='ltr'><strong>a</strong></span> <span class='ocrx_word' id='word_1_68' title='bbox 1254 880 1292 911; x_wconf 90' lang='lat' dir='ltr'><strong>te</strong></span> <span class='ocrx_word' id='word_1_69' title='bbox 1314 872 1400 922; x_wconf 91' lang='lat' dir='ltr'><strong>ipso</strong></span> <span class='ocrx_word' id='word_1_70' title='bbox 1416 872 1592 923; x_wconf 84' lang='lat' dir='ltr'><strong>scriptae,</strong></span> 
     </span>
     <span class='ocr_line' id='line_1_10' title="bbox 264 938 1593 989; baseline -0.002 -10"><span class='ocrx_word' id='word_1_71' title='bbox 264 940 410 979; x_wconf 90' lang='lat' dir='ltr'><strong>deinde</strong></span> <span class='ocrx_word' id='word_1_72' title='bbox 430 954 563 978; x_wconf 88' lang='lat' dir='ltr'><strong>earum</strong></span> <span class='ocrx_word' id='word_1_73' title='bbox 584 939 876 978; x_wconf 85' lang='lat' dir='ltr'><strong>accuratissima</strong></span> <span class='ocrx_word' id='word_1_74' title='bbox 890 938 1092 989; x_wconf 78' lang='lat' dir='ltr'><strong>diligentia</strong></span> <span class='ocrx_word' id='word_1_75' title='bbox 1112 952 1199 977; x_wconf 90' lang='lat' dir='ltr'><strong>sum</strong></span> <span class='ocrx_word' id='word_1_76' title='bbox 1216 938 1357 976; x_wconf 88' lang='lat' dir='ltr'><strong>mirum</strong></span> <span class='ocrx_word' id='word_1_77' title='bbox 1375 938 1413 976; x_wconf 91' lang='lat' dir='ltr'><strong>in</strong></span> <span class='ocrx_word' id='word_1_78' title='bbox 1431 940 1593 977; x_wconf 86' lang='lat' dir='ltr'><strong>modurn</strong></span> 
     </span>
     <span class='ocr_line' id='line_1_11' title="bbox 264 1003 1656 1054; baseline -0.003 -9"><span class='ocrx_word' id='word_1_79' title='bbox 264 1008 492 1045; x_wconf 88' lang='lat' dir='ltr'><strong>delectatus.</strong></span> <span class='ocrx_word' id='word_1_80' title='bbox 550 1008 609 1043; x_wconf 86' lang='lat' dir='ltr'><strong>Ac</strong></span> <span class='ocrx_word' id='word_1_81' title='bbox 630 1005 800 1054; x_wconf 91' lang='lat' dir='ltr'><strong>primum</strong></span> <span class='ocrx_word' id='word_1_82' title='bbox 828 1004 925 1043; x_wconf 91' lang='lat' dir='ltr'><strong>illud</strong></span> <span class='ocrx_word' id='word_1_83' title='bbox 953 1004 992 1042; x_wconf 93' lang='lat' dir='ltr'><strong>in</strong></span> <span class='ocrx_word' id='word_1_84' title='bbox 1013 1018 1094 1054; x_wconf 88' lang='lat' dir='ltr'><strong>quo</strong></span> <span class='ocrx_word' id='word_1_85' title='bbox 1123 1012 1160 1042; x_wconf 90' lang='lat' dir='ltr'><strong>te</strong></span> <span class='ocrx_word' id='word_1_86' title='bbox 1193 1003 1438 1042; x_wconf 79' lang='lat' dir='ltr'><strong>Dicaearcho</strong></span> <span class='ocrx_word' id='word_1_87' title='bbox 1458 1005 1594 1042; x_wconf 89' lang='lat' dir='ltr'><strong>adsen-</strong></span> <span class='ocrx_word' id='word_1_88' title='bbox 1618 1019 1656 1042; x_wconf 87' lang='grc' dir='ltr'><strong>ιο</strong></span> 
     </span>
     <span class='ocr_line' id='line_1_12' title="bbox 265 1069 1595 1122; baseline -0.002 -13"><span class='ocrx_word' id='word_1_89' title='bbox 265 1072 325 1110; x_wconf 92' lang='lat' dir='ltr'><strong>tiri</strong></span> <span class='ocrx_word' id='word_1_90' title='bbox 356 1085 484 1122; x_wconf 83' lang='lat' dir='ltr'><strong>negas,</strong></span> <span class='ocrx_word' id='word_1_91' title='bbox 517 1070 588 1109; x_wconf 89' lang='lat' dir='ltr'><strong>etsi</strong></span> <span class='ocrx_word' id='word_1_92' title='bbox 619 1070 874 1120; x_wconf 87' lang='lat' dir='ltr'><strong>cupidissime</strong></span> <span class='ocrx_word' id='word_1_93' title='bbox 901 1069 1116 1120; x_wconf 82' lang='lat' dir='ltr'><strong>expetitum</strong></span> <span class='ocrx_word' id='word_1_94' title='bbox 1137 1082 1160 1107; x_wconf 89' lang='lat' dir='ltr'><strong>a</strong></span> <span class='ocrx_word' id='word_1_95' title='bbox 1180 1082 1243 1107; x_wconf 90' lang='lat' dir='ltr'><strong>me</strong></span> <span class='ocrx_word' id='word_1_96' title='bbox 1264 1076 1321 1106; x_wconf 88' lang='lat' dir='ltr'><strong>est</strong></span> <span class='ocrx_word' id='word_1_97' title='bbox 1343 1076 1380 1106; x_wconf 86' lang='lat' dir='ltr'><strong>et</strong></span> <span class='ocrx_word' id='word_1_98' title='bbox 1402 1076 1438 1106; x_wconf 92' lang='lat' dir='ltr'><strong>te</strong></span> <span class='ocrx_word' id='word_1_99' title='bbox 1458 1082 1595 1119; x_wconf 86' lang='lat' dir='ltr'><strong>appro-</strong></span> 
     </span>
     <span class='ocr_line' id='line_1_13' title="bbox 263 1133 1595 1183; baseline -0.003 -9"><span class='ocrx_word' id='word_1_100' title='bbox 263 1136 382 1174; x_wconf 87' lang='lat' dir='ltr'><strong>bante</strong></span> <span class='ocrx_word' id='word_1_101' title='bbox 412 1150 461 1174; x_wconf 93' lang='lat' dir='ltr'><strong>ne</strong></span> <span class='ocrx_word' id='word_1_102' title='bbox 490 1134 637 1173; x_wconf 87' lang='lat' dir='ltr'><strong>diutius</strong></span> <span class='ocrx_word' id='word_1_103' title='bbox 667 1148 772 1172; x_wconf 88' lang='lat' dir='ltr'><strong>anno</strong></span> <span class='ocrx_word' id='word_1_104' title='bbox 802 1134 841 1171; x_wconf 94' lang='lat' dir='ltr'><strong>in</strong></span> <span class='ocrx_word' id='word_1_105' title='bbox 872 1133 1073 1183; x_wconf 89' lang='lat' dir='ltr'><strong>provincia</strong></span> <span class='ocrx_word' id='word_1_106' title='bbox 1102 1146 1240 1179; x_wconf 87' lang='lat' dir='ltr'><strong>essem,</strong></span> <span class='ocrx_word' id='word_1_107' title='bbox 1264 1140 1395 1170; x_wconf 88' lang='lat' dir='ltr'><strong>tamen</strong></span> <span class='ocrx_word' id='word_1_108' title='bbox 1427 1146 1506 1170; x_wconf 92' lang='lat' dir='ltr'><strong>non</strong></span> <span class='ocrx_word' id='word_1_109' title='bbox 1537 1140 1595 1171; x_wconf 93' lang='lat' dir='ltr'><strong>est</strong></span> 
     </span>
     <span class='ocr_line' id='line_1_14' title="bbox 264 1197 1593 1250; baseline -0.004 -10"><span class='ocrx_word' id='word_1_110' title='bbox 264 1209 396 1240; x_wconf 87' lang='lat' dir='ltr'><strong>nostra</strong></span> <span class='ocrx_word' id='word_1_111' title='bbox 425 1200 680 1239; x_wconf 84' lang='lat' dir='ltr'><strong>contentione</strong></span> <span class='ocrx_word' id='word_1_112' title='bbox 711 1201 937 1250; x_wconf 89' lang='lat' dir='ltr'><strong>perfectum.</strong></span> <span class='ocrx_word' id='word_1_113' title='bbox 998 1199 1062 1238; x_wconf 86' lang='lat' dir='ltr'><strong>Sic</strong></span> <span class='ocrx_word' id='word_1_114' title='bbox 1091 1199 1197 1237; x_wconf 89' lang='lat' dir='ltr'><strong>enim</strong></span> <span class='ocrx_word' id='word_1_115' title='bbox 1228 1197 1337 1244; x_wconf 89' lang='lat' dir='ltr'><strong>scito,</strong></span> <span class='ocrx_word' id='word_1_116' title='bbox 1361 1198 1523 1236; x_wconf 88' lang='lat' dir='ltr'><strong>verbum</strong></span> <span class='ocrx_word' id='word_1_117' title='bbox 1554 1198 1593 1236; x_wconf 92' lang='lat' dir='ltr'><strong>in</strong></span> 
     </span>
     <span class='ocr_line' id='line_1_15' title="bbox 264 1262 1592 1315; baseline -0.004 -10"><span class='ocrx_word' id='word_1_118' title='bbox 264 1275 401 1306; x_wconf 88' lang='lat' dir='ltr'><strong>senatu</strong></span> <span class='ocrx_word' id='word_1_119' title='bbox 423 1268 570 1304; x_wconf 89' lang='lat' dir='ltr'><strong>factum</strong></span> <span class='ocrx_word' id='word_1_120' title='bbox 592 1279 676 1304; x_wconf 89' lang='lat' dir='ltr'><strong>esse</strong></span> <span class='ocrx_word' id='word_1_121' title='bbox 698 1278 916 1315; x_wconf 87' lang='lat' dir='ltr'><strong>numquam</strong></span> <span class='ocrx_word' id='word_1_122' title='bbox 931 1266 981 1303; x_wconf 92' lang='lat' dir='ltr'><strong>de</strong></span> <span class='ocrx_word' id='word_1_123' title='bbox 995 1266 1076 1302; x_wconf 94' lang='lat' dir='ltr'><strong>ullo</strong></span> <span class='ocrx_word' id='word_1_124' title='bbox 1092 1271 1270 1302; x_wconf 88' lang='lat' dir='ltr'><strong>nostrum</strong></span> <span class='ocrx_word' id='word_1_125' title='bbox 1288 1263 1355 1313; x_wconf 86' lang='lat' dir='ltr'><strong>qui</strong></span> <span class='ocrx_word' id='word_1_126' title='bbox 1372 1262 1592 1314; x_wconf 90' lang='lat' dir='ltr'><strong>provincias</strong></span> 
     </span>
     <span class='ocr_line' id='line_1_16' title="bbox 263 1330 1652 1381; baseline -0.004 -10"><span class='ocrx_word' id='word_1_127' title='bbox 263 1331 507 1371; x_wconf 89' lang='lat' dir='ltr'><strong>obtinuimus</strong></span> <span class='ocrx_word' id='word_1_128' title='bbox 537 1345 616 1381; x_wconf 85' lang='lat' dir='ltr'><strong>quo</strong></span> <span class='ocrx_word' id='word_1_129' title='bbox 649 1331 688 1368; x_wconf 91' lang='lat' dir='ltr'><strong>in</strong></span> <span class='ocrx_word' id='word_1_130' title='bbox 723 1330 768 1368; x_wconf 91' lang='lat' dir='ltr'><strong>iis</strong></span> <span class='ocrx_word' id='word_1_131' title='bbox 803 1330 950 1369; x_wconf 87' lang='lat' dir='ltr'><strong>diutius</strong></span> <span class='ocrx_word' id='word_1_132' title='bbox 984 1343 1103 1379; x_wconf 88' lang='lat' dir='ltr'><strong>quam</strong></span> <span class='ocrx_word' id='word_1_133' title='bbox 1133 1343 1180 1367; x_wconf 83' lang='lat' dir='ltr'><strong>ex</strong></span> <span class='ocrx_word' id='word_1_134' title='bbox 1218 1336 1376 1367; x_wconf 85' lang='lat' dir='ltr'><strong>senatus</strong></span> <span class='ocrx_word' id='word_1_135' title='bbox 1410 1330 1592 1367; x_wconf 88' lang='lat' dir='ltr'><strong>consulto</strong></span> <span class='ocrx_word' id='word_1_136' title='bbox 1614 1344 1652 1376; x_wconf 86' lang='lat'><strong>15</strong></span> 
     </span>
     <span class='ocr_line' id='line_1_17' title="bbox 264 1394 1591 1445; baseline -0.004 -9"><span class='ocrx_word' id='word_1_137' title='bbox 264 1411 523 1443; x_wconf 89' lang='lat' dir='ltr'><strong>maneremus,</strong></span> <span class='ocrx_word' id='word_1_138' title='bbox 547 1404 588 1435; x_wconf 92' lang='lat' dir='ltr'><strong>ut</strong></span> <span class='ocrx_word' id='word_1_139' title='bbox 613 1397 689 1434; x_wconf 87' lang='lat' dir='ltr'><strong>iam</strong></span> <span class='ocrx_word' id='word_1_140' title='bbox 715 1410 764 1434; x_wconf 93' lang='lat' dir='ltr'><strong>ne</strong></span> <span class='ocrx_word' id='word_1_141' title='bbox 792 1395 902 1434; x_wconf 88' lang='lat' dir='ltr'><strong>istius</strong></span> <span class='ocrx_word' id='word_1_142' title='bbox 924 1395 1086 1445; x_wconf 84' lang='lat' dir='ltr'><strong>quidem</strong></span> <span class='ocrx_word' id='word_1_143' title='bbox 1112 1394 1165 1433; x_wconf 90' lang='lat' dir='ltr'><strong>rei</strong></span> <span class='ocrx_word' id='word_1_144' title='bbox 1190 1396 1346 1445; x_wconf 84' lang='lat' dir='ltr'><strong>culpam</strong></span> <span class='ocrx_word' id='word_1_145' title='bbox 1377 1394 1591 1432; x_wconf 86' lang='lat' dir='ltr'><strong>sustineam</strong></span> 
     </span>
     <span class='ocr_line' id='line_1_18' title="bbox 262 1459 1592 1514; baseline -0.003 -13"><span class='ocrx_word' id='word_1_146' title='bbox 262 1465 370 1514; x_wconf 87' lang='lat' dir='ltr'><strong>quod</strong></span> <span class='ocrx_word' id='word_1_147' title='bbox 401 1463 530 1501; x_wconf 92' lang='lat' dir='ltr'><strong>minus</strong></span> <span class='ocrx_word' id='word_1_148' title='bbox 560 1462 627 1501; x_wconf 92' lang='lat' dir='ltr'><strong>diu</strong></span> <span class='ocrx_word' id='word_1_149' title='bbox 658 1461 797 1500; x_wconf 90' lang='lat' dir='ltr'><strong>fuerim</strong></span> <span class='ocrx_word' id='word_1_150' title='bbox 828 1461 866 1499; x_wconf 93' lang='lat' dir='ltr'><strong>in</strong></span> <span class='ocrx_word' id='word_1_151' title='bbox 897 1460 1098 1511; x_wconf 87' lang='lat' dir='ltr'><strong>provincia</strong></span> <span class='ocrx_word' id='word_1_152' title='bbox 1131 1473 1249 1510; x_wconf 84' lang='lat' dir='ltr'><strong>quam</strong></span> <span class='ocrx_word' id='word_1_153' title='bbox 1282 1460 1444 1498; x_wconf 85' lang='lat' dir='ltr'><strong>fortasse</strong></span> <span class='ocrx_word' id='word_1_154' title='bbox 1479 1459 1592 1497; x_wconf 91' lang='lat' dir='ltr'><strong>fuerit</strong></span> 
     </span>
    </p>

    <p class='ocr_par' dir='ltr' id='par_1_5' title="bbox 217 1524 1651 2293">
     <span class='ocr_line' id='line_1_19' title="bbox 217 1524 1591 1577; baseline -0.004 -10"><span class='ocrx_word' id='word_1_155' title='bbox 217 1539 240 1567; x_wconf 87' lang='lat'><em>2</em></span> <span class='ocrx_word' id='word_1_156' title='bbox 262 1529 366 1567; x_wconf 89' lang='lat' dir='ltr'><strong>utile.</strong></span> <span class='ocrx_word' id='word_1_157' title='bbox 427 1529 505 1567; x_wconf 90' lang='lat' dir='ltr'><strong>Sed</strong></span> <span class='ocrx_word' id='word_1_158' title='bbox 543 1527 663 1577; x_wconf 87' lang='lat' dir='ltr'><strong>‘quid</strong></span> <span class='ocrx_word' id='word_1_159' title='bbox 695 1527 726 1565; x_wconf 82' lang='lat' dir='ltr'><strong>si</strong></span> <span class='ocrx_word' id='word_1_160' title='bbox 760 1528 837 1565; x_wconf 89' lang='lat' dir='ltr'><strong>hoc</strong></span> <span class='ocrx_word' id='word_1_161' title='bbox 877 1526 1068 1564; x_wconf 86' lang='lat' dir='ltr'><strong>melius?&#39;</strong></span> <span class='ocrx_word' id='word_1_162' title='bbox 1108 1532 1214 1574; x_wconf 59' lang='lat' dir='ltr'><strong>saepe</strong></span> <span class='ocrx_word' id='word_1_163' title='bbox 1252 1532 1475 1574; x_wconf 89' lang='lat' dir='ltr'><strong>opportune</strong></span> <span class='ocrx_word' id='word_1_164' title='bbox 1514 1524 1591 1563; x_wconf 90' lang='lat' dir='ltr'><strong>dici</strong></span> 
     </span>
     <span class='ocr_line' id='line_1_20' title="bbox 261 1589 1591 1642; baseline -0.003 -11"><span class='ocrx_word' id='word_1_165' title='bbox 261 1593 413 1632; x_wconf 87' lang='lat' dir='ltr'><strong>videtur</strong></span> <span class='ocrx_word' id='word_1_166' title='bbox 430 1601 471 1631; x_wconf 85' lang='lat' dir='ltr'><strong>ut</strong></span> <span class='ocrx_word' id='word_1_167' title='bbox 488 1593 526 1630; x_wconf 94' lang='lat' dir='ltr'><strong>in</strong></span> <span class='ocrx_word' id='word_1_168' title='bbox 549 1594 625 1630; x_wconf 87' lang='lat' dir='ltr'><strong>hoc</strong></span> <span class='ocrx_word' id='word_1_169' title='bbox 645 1592 741 1642; x_wconf 90' lang='lat' dir='ltr'><strong>ipso.</strong></span> <span class='ocrx_word' id='word_1_170' title='bbox 803 1591 891 1630; x_wconf 87' lang='lat' dir='ltr'><strong>Sive</strong></span> <span class='ocrx_word' id='word_1_171' title='bbox 912 1590 1017 1629; x_wconf 90' lang='lat' dir='ltr'><strong>enirn</strong></span> <span class='ocrx_word' id='word_1_172' title='bbox 1038 1591 1088 1629; x_wconf 85' lang='lat' dir='ltr'><strong>ad</strong></span> <span class='ocrx_word' id='word_1_173' title='bbox 1103 1589 1356 1628; x_wconf 85' lang='lat' dir='ltr'><strong>concordiam</strong></span> <span class='ocrx_word' id='word_1_174' title='bbox 1374 1603 1432 1627; x_wconf 89' lang='lat' dir='ltr'><strong>res</strong></span> <span class='ocrx_word' id='word_1_175' title='bbox 1446 1589 1591 1628; x_wconf 88' lang='lat' dir='ltr'><strong>adduci</strong></span> 
     </span>
     <span class='ocr_line' id='line_1_21' title="bbox 260 1654 1651 1709; baseline -0.004 -12"><span class='ocrx_word' id='word_1_176' title='bbox 260 1666 389 1709; x_wconf 91' lang='lat' dir='ltr'><strong>potest</strong></span> <span class='ocrx_word' id='word_1_177' title='bbox 410 1658 490 1696; x_wconf 91' lang='lat' dir='ltr'><strong>sive</strong></span> <span class='ocrx_word' id='word_1_178' title='bbox 510 1659 560 1696; x_wconf 86' lang='lat' dir='ltr'><strong>ad</strong></span> <span class='ocrx_word' id='word_1_179' title='bbox 583 1658 778 1695; x_wconf 92' lang='lat' dir='ltr'><strong>bonorum</strong></span> <span class='ocrx_word' id='word_1_180' title='bbox 800 1656 1013 1703; x_wconf 88' lang='lat' dir='ltr'><strong>victoriam,</strong></span> <span class='ocrx_word' id='word_1_181' title='bbox 1037 1654 1218 1693; x_wconf 84' lang='lat' dir='ltr'><strong>utriusvis</strong></span> <span class='ocrx_word' id='word_1_182' title='bbox 1239 1654 1293 1693; x_wconf 91' lang='lat' dir='ltr'><strong>rei</strong></span> <span class='ocrx_word' id='word_1_183' title='bbox 1314 1668 1377 1693; x_wconf 92' lang='lat' dir='ltr'><strong>me</strong></span> <span class='ocrx_word' id='word_1_184' title='bbox 1397 1662 1464 1692; x_wconf 87' lang='lat' dir='ltr'><strong>aut</strong></span> <span class='ocrx_word' id='word_1_185' title='bbox 1483 1655 1591 1693; x_wconf 86' lang='lat' dir='ltr'><strong>adiu·</strong></span> <span class='ocrx_word' id='word_1_186' title='bbox 1613 1669 1651 1691; x_wconf 85' lang='lat'><strong>20</strong></span> 
     </span>
     <span class='ocr_line' id='line_1_22' title="bbox 260 1719 1591 1771; baseline -0.005 -8"><span class='ocrx_word' id='word_1_187' title='bbox 260 1732 384 1763; x_wconf 89' lang='lat' dir='ltr'><strong>torem</strong></span> <span class='ocrx_word' id='word_1_188' title='bbox 414 1723 530 1762; x_wconf 91' lang='lat' dir='ltr'><strong>velim</strong></span> <span class='ocrx_word' id='word_1_189' title='bbox 561 1737 645 1761; x_wconf 88' lang='lat' dir='ltr'><strong>esse</strong></span> <span class='ocrx_word' id='word_1_190' title='bbox 675 1730 742 1760; x_wconf 91' lang='lat' dir='ltr'><strong>aut</strong></span> <span class='ocrx_word' id='word_1_191' title='bbox 774 1730 877 1760; x_wconf 86' lang='lat' dir='ltr'><strong>certe</strong></span> <span class='ocrx_word' id='word_1_192' title='bbox 913 1735 992 1759; x_wconf 94' lang='lat' dir='ltr'><strong>non</strong></span> <span class='ocrx_word' id='word_1_193' title='bbox 1028 1728 1254 1771; x_wconf 76' lang='lat' dir='ltr'><strong>expertem3</strong></span> <span class='ocrx_word' id='word_1_194' title='bbox 1288 1719 1347 1758; x_wconf 88' lang='lat' dir='ltr'><strong>sin</strong></span> <span class='ocrx_word' id='word_1_195' title='bbox 1382 1719 1591 1758; x_wconf 89' lang='lat' dir='ltr'><strong>vincuntur</strong></span> 
     </span>
     <span class='ocr_line' id='line_1_23' title="bbox 259 1785 1590 1838; baseline -0.003 -11"><span class='ocrx_word' id='word_1_196' title='bbox 259 1789 365 1835; x_wconf 89' lang='lat' dir='ltr'><strong>boni,</strong></span> <span class='ocrx_word' id='word_1_197' title='bbox 388 1788 629 1838; x_wconf 85' lang='lat' dir='ltr'><strong>ubicumque</strong></span> <span class='ocrx_word' id='word_1_198' title='bbox 650 1801 787 1833; x_wconf 89' lang='lat' dir='ltr'><strong>essem,</strong></span> <span class='ocrx_word' id='word_1_199' title='bbox 812 1800 890 1824; x_wconf 86' lang='lat' dir='ltr'><strong>una</strong></span> <span class='ocrx_word' id='word_1_200' title='bbox 910 1800 1000 1824; x_wconf 88' lang='lat' dir='ltr'><strong>cum</strong></span> <span class='ocrx_word' id='word_1_201' title='bbox 1032 1785 1076 1824; x_wconf 93' lang='lat' dir='ltr'><strong>iis</strong></span> <span class='ocrx_word' id='word_1_202' title='bbox 1097 1785 1221 1823; x_wconf 91' lang='lat' dir='ltr'><strong>victus</strong></span> <span class='ocrx_word' id='word_1_203' title='bbox 1242 1798 1379 1824; x_wconf 86' lang='lat' dir='ltr'><strong>essem.</strong></span> <span class='ocrx_word' id='word_1_204' title='bbox 1440 1786 1531 1833; x_wconf 83' lang='lat' dir='ltr'><strong>Qua</strong></span> <span class='ocrx_word' id='word_1_205' title='bbox 1551 1798 1590 1823; x_wconf 87' lang='lat' dir='ltr'><strong>re</strong></span> 
     </span>
     <span class='ocr_line' id='line_1_24' title="bbox 258 1849 1589 1902; baseline -0.004 -10"><span class='ocrx_word' id='word_1_206' title='bbox 258 1853 433 1893; x_wconf 89' lang='lat' dir='ltr'><strong>celeritas</strong></span> <span class='ocrx_word' id='word_1_207' title='bbox 463 1852 584 1891; x_wconf 83' lang='lat' dir='ltr'><strong>nostri</strong></span> <span class='ocrx_word' id='word_1_208' title='bbox 614 1852 761 1891; x_wconf 89' lang='lat' dir='ltr'><strong>reditus</strong></span> <span class='ocrx_word' id='word_1_209' title='bbox 791 1853 1069 1902; x_wconf 83' lang='grc' dir='ltr'>ἀμεταμέλητος</span> <span class='ocrx_word' id='word_1_210' title='bbox 1099 1851 1218 1890; x_wconf 89' lang='lat' dir='ltr'><strong>debet</strong></span> <span class='ocrx_word' id='word_1_211' title='bbox 1251 1863 1346 1888; x_wconf 87' lang='lat' dir='ltr'><strong>esse.</strong></span> <span class='ocrx_word' id='word_1_212' title='bbox 1407 1850 1528 1898; x_wconf 86' lang='lat' dir='ltr'><strong>Quod</strong></span> <span class='ocrx_word' id='word_1_213' title='bbox 1558 1849 1589 1887; x_wconf 90' lang='lat' dir='ltr'><strong>si</strong></span> 
     </span>
     <span class='ocr_line' id='line_1_25' title="bbox 257 1916 1588 1968; baseline -0.005 -12"><span class='ocrx_word' id='word_1_214' title='bbox 257 1918 330 1956; x_wconf 89' lang='lat' dir='ltr'><strong>ista</strong></span> <span class='ocrx_word' id='word_1_215' title='bbox 350 1918 465 1957; x_wconf 87' lang='lat' dir='ltr'><strong>nobis</strong></span> <span class='ocrx_word' id='word_1_216' title='bbox 487 1917 671 1968; x_wconf 81' lang='lat' dir='ltr'><strong>cogitatio</strong></span> <span class='ocrx_word' id='word_1_217' title='bbox 692 1918 742 1955; x_wconf 92' lang='lat' dir='ltr'><strong>de</strong></span> <span class='ocrx_word' id='word_1_218' title='bbox 771 1917 971 1967; x_wconf 87' lang='lat' dir='ltr'><strong>triumpho</strong></span> <span class='ocrx_word' id='word_1_219' title='bbox 1000 1916 1143 1955; x_wconf 88' lang='lat' dir='ltr'><strong>iniecta</strong></span> <span class='ocrx_word' id='word_1_220' title='bbox 1166 1929 1248 1953; x_wconf 88' lang='lat' dir='ltr'><strong>non</strong></span> <span class='ocrx_word' id='word_1_221' title='bbox 1276 1921 1377 1952; x_wconf 87' lang='lat' dir='ltr'><strong>esset</strong></span> <span class='ocrx_word' id='word_1_222' title='bbox 1399 1927 1518 1963; x_wconf 85' lang='lat' dir='ltr'><strong>quam</strong></span> <span class='ocrx_word' id='word_1_223' title='bbox 1547 1921 1588 1951; x_wconf 90' lang='lat' dir='ltr'><strong>tu</strong></span> 
     </span>
     <span class='ocr_line' id='line_1_26' title="bbox 257 1977 1648 2034; baseline -0.006 -12"><span class='ocrx_word' id='word_1_224' title='bbox 257 1997 416 2034; x_wconf 85' lang='lat' dir='ltr'><strong>quoque</strong></span> <span class='ocrx_word' id='word_1_225' title='bbox 437 1983 642 2033; x_wconf 86' lang='lat' dir='ltr'><strong>approbas,</strong></span> <span class='ocrx_word' id='word_1_226' title='bbox 667 1996 716 2020; x_wconf 88' lang='lat' dir='ltr'><strong>ne</strong></span> <span class='ocrx_word' id='word_1_227' title='bbox 734 1990 774 2020; x_wconf 92' lang='lat' dir='ltr'><strong>tu</strong></span> <span class='ocrx_word' id='word_1_228' title='bbox 790 1983 896 2020; x_wconf 88' lang='lat' dir='ltr'><strong>haud</strong></span> <span class='ocrx_word' id='word_1_229' title='bbox 913 1983 1081 2019; x_wconf 90' lang='lat' dir='ltr'><strong>multum</strong></span> <span class='ocrx_word' id='word_1_230' title='bbox 1103 1979 1316 2029; x_wconf 87' lang='lat' dir='ltr'><strong>requireres</strong></span> <span class='ocrx_word' id='word_1_231' title='bbox 1337 1978 1446 2016; x_wconf 90' lang='lat' dir='ltr'><strong>illum</strong></span> <span class='ocrx_word' id='word_1_232' title='bbox 1464 1977 1587 2016; x_wconf 88' lang='lat' dir='ltr'><strong>virum</strong></span> <span class='ocrx_word' id='word_1_233' title='bbox 1610 1995 1648 2028; x_wconf 80' lang='lat'><strong>²5</strong></span> 
     </span>
     <span class='ocr_line' id='line_1_27' title="bbox 256 2042 1585 2098; baseline -0.005 -12"><span class='ocrx_word' id='word_1_234' title='bbox 256 2049 323 2098; x_wconf 85' lang='lat' dir='ltr'><strong>qui</strong></span> <span class='ocrx_word' id='word_1_235' title='bbox 350 2049 389 2086; x_wconf 91' lang='lat' dir='ltr'><strong>in</strong></span> <span class='ocrx_word' id='word_1_236' title='bbox 417 2057 526 2087; x_wconf 82' lang='lat' dir='ltr'><strong>sexto</strong></span> <span class='ocrx_word' id='word_1_237' title='bbox 551 2048 650 2086; x_wconf 88' lang='lat' dir='ltr'><strong>libro</strong></span> <span class='ocrx_word' id='word_1_238' title='bbox 679 2047 910 2086; x_wconf 87' lang='lat' dir='ltr'><strong>informatus</strong></span> <span class='ocrx_word' id='word_1_239' title='bbox 939 2054 1007 2086; x_wconf 83' lang='lat' dir='ltr'><strong>est.</strong></span> <span class='ocrx_word' id='word_1_240' title='bbox 1069 2045 1178 2094; x_wconf 86' lang='lat' dir='ltr'><strong>Quid</strong></span> <span class='ocrx_word' id='word_1_241' title='bbox 1208 2044 1313 2082; x_wconf 91' lang='lat' dir='ltr'><strong>enim</strong></span> <span class='ocrx_word' id='word_1_242' title='bbox 1344 2042 1414 2081; x_wconf 89' lang='lat' dir='ltr'><strong>tibi</strong></span> <span class='ocrx_word' id='word_1_243' title='bbox 1445 2042 1585 2081; x_wconf 86' lang='lat' dir='ltr'><strong>faciam</strong></span> 
     </span>
     <span class='ocr_line' id='line_1_28' title="bbox 256 2106 1588 2163; baseline -0.006 -11"><span class='ocrx_word' id='word_1_244' title='bbox 256 2113 322 2163; x_wconf 87' lang='lat' dir='ltr'><strong>qui</strong></span> <span class='ocrx_word' id='word_1_245' title='bbox 344 2113 430 2151; x_wconf 90' lang='lat' dir='ltr'><strong>illos</strong></span> <span class='ocrx_word' id='word_1_246' title='bbox 451 2113 570 2151; x_wconf 86' lang='lat' dir='ltr'><strong>libros</strong></span> <span class='ocrx_word' id='word_1_247' title='bbox 592 2112 818 2151; x_wconf 85' lang='lat' dir='ltr'><strong>devorasti?</strong></span> <span class='ocrx_word' id='word_1_248' title='bbox 877 2110 984 2160; x_wconf 87' lang='lat' dir='ltr'><strong>Quin</strong></span> <span class='ocrx_word' id='word_1_249' title='bbox 1006 2123 1112 2148; x_wconf 90' lang='lat' dir='ltr'><strong>nunc</strong></span> <span class='ocrx_word' id='word_1_250' title='bbox 1143 2109 1271 2160; x_wconf 88' lang='lat' dir='ltr'><strong>ipsum</strong></span> <span class='ocrx_word' id='word_1_251' title='bbox 1293 2121 1373 2146; x_wconf 91' lang='lat' dir='ltr'><strong>non</strong></span> <span class='ocrx_word' id='word_1_252' title='bbox 1395 2106 1588 2146; x_wconf 89' lang='lat' dir='ltr'><strong>dubitabo</strong></span> 
     </span>
     <span class='ocr_line' id='line_1_29' title="bbox 255 2170 1587 2223; baseline -0.006 -7"><span class='ocrx_word' id='word_1_253' title='bbox 255 2192 336 2216; x_wconf 91' lang='lat' dir='ltr'><strong>rem</strong></span> <span class='ocrx_word' id='word_1_254' title='bbox 358 2185 506 2216; x_wconf 85' lang='lat' dir='ltr'><strong>tantam</strong></span> <span class='ocrx_word' id='word_1_255' title='bbox 528 2177 694 2223; x_wconf 87' lang='lat' dir='ltr'><strong>abicere,</strong></span> <span class='ocrx_word' id='word_1_256' title='bbox 719 2177 749 2215; x_wconf 94' lang='lat' dir='ltr'><strong>si</strong></span> <span class='ocrx_word' id='word_1_257' title='bbox 771 2177 811 2215; x_wconf 93' lang='lat' dir='ltr'><strong>id</strong></span> <span class='ocrx_word' id='word_1_258' title='bbox 833 2176 904 2215; x_wconf 90' lang='lat' dir='ltr'><strong>erit</strong></span> <span class='ocrx_word' id='word_1_259' title='bbox 926 2175 1077 2214; x_wconf 87' lang='lat' dir='ltr'><strong>rectius.</strong></span> <span class='ocrx_word' id='word_1_260' title='bbox 1124 2176 1346 2222; x_wconf 85' lang='lat' dir='ltr'><strong>Vtrumque</strong></span> <span class='ocrx_word' id='word_1_261' title='bbox 1363 2185 1454 2210; x_wconf 91' lang='lat' dir='ltr'><strong>vero</strong></span> <span class='ocrx_word' id='word_1_262' title='bbox 1471 2170 1587 2209; x_wconf 92' lang='lat' dir='ltr'><strong>simul</strong></span> 
     </span>
     <span class='ocr_line' id='line_1_30' title="bbox 254 2235 1587 2293; baseline -0.006 -12"><span class='ocrx_word' id='word_1_263' title='bbox 254 2243 314 2293; x_wconf 82' lang='lat' dir='ltr'><strong>agi</strong></span> <span class='ocrx_word' id='word_1_264' title='bbox 340 2257 419 2281; x_wconf 93' lang='lat' dir='ltr'><strong>non</strong></span> <span class='ocrx_word' id='word_1_265' title='bbox 447 2251 575 2293; x_wconf 83' lang='lat' dir='ltr'><strong>potest</strong></span> <span class='ocrx_word' id='word_1_266' title='bbox 605 2251 641 2280; x_wconf 89' lang='lat' dir='ltr'><strong>et</strong></span> <span class='ocrx_word' id='word_1_267' title='bbox 670 2244 719 2280; x_wconf 91' lang='lat' dir='ltr'><strong>de</strong></span> <span class='ocrx_word' id='word_1_268' title='bbox 751 2242 951 2291; x_wconf 91' lang='lat' dir='ltr'><strong>triumpho</strong></span> <span class='ocrx_word' id='word_1_269' title='bbox 978 2239 1187 2278; x_wconf 89' lang='lat' dir='ltr'><strong>ambitiose</strong></span> <span class='ocrx_word' id='word_1_270' title='bbox 1212 2246 1249 2276; x_wconf 87' lang='lat' dir='ltr'><strong>et</strong></span> <span class='ocrx_word' id='word_1_271' title='bbox 1280 2239 1329 2276; x_wconf 92' lang='lat' dir='ltr'><strong>de</strong></span> <span class='ocrx_word' id='word_1_272' title='bbox 1360 2251 1399 2275; x_wconf 89' lang='lat' dir='ltr'><strong>re</strong></span> <span class='ocrx_word' id='word_1_273' title='bbox 1429 2235 1587 2287; x_wconf 90' lang='lat' dir='ltr'><strong>publica</strong></span> 
     </span>
    </p>
   </div>
   <div class='ocr_carea' id='block_1_5' title="bbox 256 2340 1585 2473">
    <p class='ocr_par' dir='ltr' id='par_1_6' title="bbox 256 2340 1585 2473">
     <span class='ocr_line' id='line_1_31' title="bbox 302 2340 1585 2401; baseline -0.006 -24"><span class='ocrx_word' id='word_1_274' title='bbox 302 2356 314 2376; x_wconf 85' lang='lat'>1</span> <span class='ocrx_word' id='word_1_275' title='bbox 326 2358 338 2377; x_wconf 93' lang='lat'>1</span> <span class='ocrx_word' id='word_1_276' title='bbox 366 2352 417 2377; x_wconf 85' lang='lat' dir='ltr'><strong>est</strong></span> <span class='ocrx_word' id='word_1_277' title='bbox 443 2345 516 2376; x_wconf 85' lang='lat' dir='ltr'><strong>edd.</strong></span> <span class='ocrx_word' id='word_1_278' title='bbox 554 2346 591 2385; x_wconf 83' lang='lat' dir='ltr'><strong>cs.</strong></span> <span class='ocrx_word' id='word_1_279' title='bbox 609 2345 750 2385; x_wconf 81' lang='lat' dir='ltr'><strong>Madvig</strong></span> <span class='ocrx_word' id='word_1_280' title='bbox 764 2344 810 2375; x_wconf 85' lang='lat' dir='ltr'><strong>ad</strong></span> <span class='ocrx_word' id='word_1_281' title='bbox 824 2345 897 2375; x_wconf 85' lang='lat' dir='ltr'><strong>Fin.</strong></span> <span class='ocrx_word' id='word_1_282' title='bbox 915 2344 960 2376; x_wconf 83' lang='lat' dir='ltr'><strong>iii.</strong></span> <span class='ocrx_word' id='word_1_283' title='bbox 978 2344 1019 2383; x_wconf 85' lang='lat'><strong>58</strong></span> <span class='ocrx_word' id='word_1_284' title='bbox 1033 2349 1067 2384; x_wconf 81' lang='lat' dir='ltr'><strong>p.</strong></span> <span class='ocrx_word' id='word_1_285' title='bbox 1085 2353 1147 2381; x_wconf 88' lang='lat'><strong>444</strong></span> <span class='ocrx_word' id='word_1_286' title='bbox 1164 2354 1169 2372; x_wconf 78' lang='lat' dir='ltr'><strong>t</strong></span> <span class='ocrx_word' id='word_1_287' title='bbox 1195 2342 1238 2372; x_wconf 87' lang='lat' dir='ltr'><strong>sit</strong></span> <span class='ocrx_word' id='word_1_288' title='bbox 1262 2340 1349 2371; x_wconf 84' lang='lat' dir='ltr'><strong>codd.</strong></span> <span class='ocrx_word' id='word_1_289' title='bbox 1450 2345 1482 2370; x_wconf 90' lang='lat' dir='ltr'><strong>te</strong></span> <span class='ocrx_word' id='word_1_290' title='bbox 1508 2349 1585 2401; x_wconf 63' lang='lat' dir='ltr'><strong>app.</strong></span> 
     </span>
     <span class='ocr_line' id='line_1_32' title="bbox 258 2381 1584 2429; baseline -0.007 -8"><span class='ocrx_word' id='word_1_291' title='bbox 258 2389 345 2421; x_wconf 87' lang='lat' dir='ltr'><strong>CH:</strong></span> <span class='ocrx_word' id='word_1_292' title='bbox 370 2400 446 2429; x_wconf 86' lang='lat' dir='ltr'><strong>app.</strong></span> <span class='ocrx_word' id='word_1_293' title='bbox 465 2394 498 2420; x_wconf 87' lang='lat' dir='ltr'><strong>te</strong></span> <span class='ocrx_word' id='word_1_294' title='bbox 517 2388 612 2420; x_wconf 79' lang='lat' dir='ltr'><strong>M-&#39;s:</strong></span> <span class='ocrx_word' id='word_1_295' title='bbox 636 2400 702 2419; x_wconf 84' lang='lat' dir='ltr'><strong>om.</strong></span> <span class='ocrx_word' id='word_1_296' title='bbox 720 2394 752 2419; x_wconf 87' lang='lat' dir='ltr'><strong>te</strong></span> <span class='ocrx_word' id='word_1_297' title='bbox 776 2386 931 2418; x_wconf 82' lang='lat' dir='ltr'><em>NOPM1</em></span> <span class='ocrx_word' id='word_1_298' title='bbox 1126 2387 1164 2416; x_wconf 92' lang='lat'><strong>18</strong></span> <span class='ocrx_word' id='word_1_299' title='bbox 1189 2395 1291 2424; x_wconf 87' lang='lat' dir='ltr'><strong>saepe</strong></span> <span class='ocrx_word' id='word_1_300' title='bbox 1317 2384 1346 2414; x_wconf 92' lang='lat' dir='ltr'><em>L</em></span> <span class='ocrx_word' id='word_1_301' title='bbox 1365 2384 1502 2423; x_wconf 80' lang='lat' dir='ltr'><strong>(marg.)</strong></span> <span class='ocrx_word' id='word_1_302' title='bbox 1521 2381 1550 2412; x_wconf 91' lang='lat' dir='ltr'><em>Z</em></span> <span class='ocrx_word' id='word_1_303' title='bbox 1578 2393 1584 2413; x_wconf 89' lang='lat'><strong>:</strong></span> 
     </span>
     <span class='ocr_line' id='line_1_33' title="bbox 256 2427 1502 2473; baseline -0.006 -9"><span class='ocrx_word' id='word_1_304' title='bbox 256 2444 321 2464; x_wconf 84' lang='lat' dir='ltr'><strong>om.</strong></span> <span class='ocrx_word' id='word_1_305' title='bbox 339 2433 427 2464; x_wconf 83' lang='lat' dir='ltr'><strong>codd.</strong></span> <span class='ocrx_word' id='word_1_306' title='bbox 565 2442 603 2472; x_wconf 90' lang='lat'><strong>19</strong></span> <span class='ocrx_word' id='word_1_307' title='bbox 627 2433 678 2473; x_wconf 88' lang='lat' dir='ltr'><strong>ut]</strong></span> <span class='ocrx_word' id='word_1_308' title='bbox 697 2432 748 2463; x_wconf 90' lang='lat' dir='ltr'><strong>vel</strong></span> <span class='ocrx_word' id='word_1_309' title='bbox 766 2431 889 2462; x_wconf 65' lang='lat' dir='ltr'><strong>Mzzller</strong></span> <span class='ocrx_word' id='word_1_310' title='bbox 1017 2431 1059 2462; x_wconf 88' lang='lat'><strong>26</strong></span> <span class='ocrx_word' id='word_1_311' title='bbox 1083 2429 1219 2471; x_wconf 84' lang='lat' dir='ltr'><strong>faciam]</strong></span> <span class='ocrx_word' id='word_1_312' title='bbox 1239 2434 1367 2460; x_wconf 86' lang='lat' dir='ltr'><strong>taceam</strong></span> <span class='ocrx_word' id='word_1_313' title='bbox 1392 2427 1502 2457; x_wconf 81' lang='lat' dir='ltr'><strong>Moser</strong></span> 
     </span>
    </p>
   </div>
  </div>
 </body>
</html>
