1773 2651
167 166 270 203 VI.i
640 167 694 203 M.
727 166 895 203 TVLLI
928 165 1236 204 CICERONIS

289 277 529 315 Academiae
569 277 803 315 fecerimus?
853 279 1004 315 ‘Puto'
1039 276 1205 326 inquies.
1269 278 1372 325 Ergo
1412 276 1452 315 id
1491 277 1619 327 ipsum

288 342 434 380 scribes
460 343 511 380 ad
537 355 612 380 me.
672 341 869 391 Equidem
891 343 1004 380 valde
1029 341 1131 391 ipsas
1153 342 1330 379 Athenas
1357 355 1458 380 amo.
1517 343 1621 380 Volo

288 420 373 445 esse
400 407 563 457 aliquod
590 414 919 453 monumentum3
949 406 1015 445 odi
1040 408 1155 444 falsas
1180 405 1454 455 inscriptiones
1481 414 1623 444 statua—

289 485 374 509 rum
412 471 641 509 alienarum.
709 472 786 510 Sed
825 479 867 509 ut
906 470 976 509 tibi
1014 470 1197 520 placebit,
1234 471 1432 520 faciesque
1476 485 1539 509 me
1582 471 1621 508 in

288 549 407 585 quem
442 536 547 574 diem
582 538 766 573 Romana
799 535 974 574 incidant
1009 535 1191 584 mysteria
1225 535 1430 573 certiorem
1470 544 1507 573 et
1542 549 1657 585 quos

288 602 410 639 modo
431 600 627 638 hiemaris.
682 601 786 640 Cura
807 608 848 638 ut
870 601 1008 638 valeas.
1065 602 1159 637 Post
1180 599 1427 638 Leuctricam
1450 613 1621 650 pugnam

288 666 352 704 die
373 665 724 716 septingentesimo
744 665 987 714 sexagesimo
1009 664 1158 714 quinto.

333 796 380 830 ῙῙ
602 799 670 831 Ser.
695 799 869 830 Laodiceae
883 800 927 830 in.
950 810 993 830 m,
1014 798 1095 830 Mai.
1112 810 1143 830 a.
1167 809 1227 839 704
1249 800 1335 840 (50).

705 882 880 914 CICERO
906 881 1080 913 ATTICO
1105 881 1204 913 SAL.

253 974 269 1000 1
345 964 448 1003 Cum
480 964 714 1014 Philogenes
750 965 910 1003 libertus
946 972 1035 1003 tuus
1066 964 1306 1003 Laodiceam
1341 966 1391 1003 ad
1427 978 1490 1003 me
1524 966 1623 1003 salu·
1646 980 1682 1002 ιο

288 1029 397 1067 tandi
433 1043 551 1067 causa
584 1029 754 1068 venisset
784 1038 822 1068 et
852 1044 893 1068 se
924 1030 1054 1068 statim
1084 1031 1134 1068 ad
1165 1038 1203 1068 te
1235 1029 1506 1079 navigaturum
1536 1043 1621 1068 esse

287 1094 445 1141 diceret,
481 1096 550 1132 has
585 1094 619 1133 ei
655 1095 800 1133 litteras
831 1095 924 1133 dedi
955 1095 1099 1145 quibus
1129 1096 1179 1133 ad
1215 1108 1279 1133 eas
1314 1094 1491 1144 rescripsi
1524 1107 1622 1144 quas

286 1173 515 1209 acceperam
555 1174 577 1198 a
618 1160 726 1198 Bruti
768 1160 981 1198 tabellario.
1062 1162 1112 1198 Et
1153 1160 1404 1209 respondebo
1450 1158 1620 1209 primum

287 1233 507 1274 postremae
537 1233 627 1264 tuae
657 1226 822 1276 paginae
857 1239 958 1276 quae
988 1225 1084 1263 mihi
1116 1239 1279 1275 magnae
1311 1224 1515 1263 molestiae
1549 1224 1620 1262 fuit

286 1291 395 1339 quod
415 1291 466 1328 ad
488 1298 525 1328 te
546 1291 734 1340 scriptum
759 1299 817 1329 est
837 1305 859 1329 a
881 1291 1022 1330 Cincio
1043 1292 1093 1329 de
1114 1290 1211 1329 Stati
1236 1303 1443 1337 sermone;
1472 1289 1511 1327 in
1540 1303 1620 1339 quo
1645 1305 1678 1336 ¹5

286 1355 362 1393 hoc
395 1355 715 1394 molestissimum
755 1364 824 1403 est,
862 1356 1030 1394 Statium
1062 1355 1192 1394 dicere
1225 1369 1249 1393 a
1283 1369 1346 1393 me
1386 1368 1546 1405 quoque
1580 1354 1620 1393 id

285 1420 494 1458 consilium
521 1420 687 1470 probari.
748 1422 919 1458 probam·
936 1423 1099 1459 autem?
1158 1423 1218 1459 De
1246 1420 1320 1458 isto
1348 1422 1540 1459 hactenus
1566 1420 1621 1458 di-

286 1485 417 1533 xerim,
451 1499 513 1523 me
541 1487 601 1524 vel
629 1486 796 1536 plurima
821 1485 949 1524 vincla
977 1494 1109 1524 tecum
1131 1499 1309 1524 summae
1330 1485 1621 1523 coniunctionis

286 1559 432 1600 optare,
457 1551 527 1589 etsi
559 1560 649 1589 sunt
670 1551 814 1589 amoris
842 1550 1059 1598 artissima3
1089 1558 1242 1589 tantum
1264 1551 1376 1589 abest
1407 1558 1449 1588 ut
1474 1564 1547 1600 ego
1574 1565 1621 1589 ex

243 1627 267 1655 2
286 1629 334 1654 eo
366 1629 446 1665 quo
479 1615 625 1654 astricti
656 1629 792 1654 sumus
823 1616 939 1654 laxari
969 1616 1119 1666 aliquid
1149 1616 1276 1654 velim.
1340 1617 1456 1654 Illum
1486 1624 1617 1654 autem
1642 1629 1682 1651 20

287 1682 409 1718 multa
430 1683 480 1719 de
502 1681 582 1719 istis
610 1682 726 1719 rebus
747 1681 921 1731 asperius
950 1683 1073 1719 solere
1095 1681 1203 1731 loqui
1232 1695 1348 1731 saepe
1376 1695 1462 1719 sum
1490 1694 1621 1730 exper-

286 1754 358 1793 tus,
394 1759 509 1795 saepe
544 1745 661 1784 etiam
696 1746 812 1784 lenivi
846 1745 997 1783 iratum.
1060 1747 1107 1784 Id
1142 1746 1240 1784 scire
1271 1753 1308 1784 te
1337 1745 1510 1783 arbitror.
1573 1747 1619 1783 In

285 1812 359 1849 hac
386 1819 517 1848 autem
548 1810 860 1860 peregrinatione
892 1810 1077 1849 militiave
1108 1818 1239 1848 nostra
1270 1824 1386 1860 saepe
1414 1810 1618 1848 incensum

286 1876 339 1914 ira
360 1876 450 1922 vidi,
474 1889 590 1925 saepe
611 1878 820 1926 placatum.
870 1876 978 1925 Quid
999 1877 1050 1914 ad
1073 1876 1237 1914 Statium
1256 1875 1449 1925 scripserit
1472 1875 1615 1913 nesciO.

286 1940 488 1990 Quicquid
521 1949 679 1979 acturus
714 1942 764 1979 de
804 1941 870 1979 tali
910 1955 949 1979 re
984 1941 1066 1987 fuit,
1104 1941 1357 1979 scribendum
1397 1948 1529 1979 tamen
1567 1941 1618 1978 ad
1643 1953 1678 1984 25

285 2007 467 2044 libertum
501 2019 581 2043 non
621 2006 701 2043 fuit.
778 2005 879 2043 Mihi
914 2013 1046 2043 autem
1079 2005 1149 2043 erit
1185 2005 1376 2043 maximae
1415 2018 1530 2043 curae
1569 2018 1619 2042 ne

286 2071 382 2121 quid
403 2072 469 2108 fiat
490 2084 603 2108 secus
624 2084 742 2120 quam
765 2072 947 2109 volumus
968 2083 1167 2119 quamque
1194 2077 1358 2119 oportet.
1420 2070 1505 2107 Nec
1526 2068 1618 2107 satis

286 2145 343 2174 est
382 2136 421 2173 in
454 2135 536 2174 eius
569 2136 677 2174 modi
712 2150 751 2173 re
791 2149 832 2173 se
867 2148 1066 2185 quemque
1106 2142 1300 2184 praestare
1338 2148 1384 2171 ac
1426 2134 1617 2172 maximae

286 2208 413 2251 partes
434 2200 542 2239 istius
560 2200 662 2238 offici
679 2208 770 2238 sunt
790 2199 899 2250 pueri
917 2199 1120 2238 Ciceronis
1136 2199 1216 2237 sive
1237 2198 1313 2236 iam
1330 2199 1593 2238 adulescentis
1609 2213 1618 2245 ;

329 2316 348 2335 2
373 2306 462 2344 ipsas
479 2304 579 2339 codd..
602 2304 639 2344 ‘f-
657 2304 734 2334 adn.
757 2303 908 2333 Malles-i:
935 2304 1018 2333 istas
1035 2303 1112 2333 coni.
1138 2301 1238 2332 Orelli
1367 2311 1387 2340 3
1406 2306 1482 2341 post
1498 2312 1615 2332 monu-

286 2354 435 2379 mentum
460 2347 597 2378 addcnd.
626 2358 735 2377 meum
757 2350 856 2387 putat
877 2346 962 2376 Boot
1113 2355 1146 2375 11
1173 2344 1340 2384 venisset]
1366 2345 1416 2375 ln‘c
1438 2345 1554 2375 desinit
1576 2343 1621 2374 W

289 2403 325 2431 17
352 2392 489 2422 Probari
507 2391 581 2422 add.
603 2395 672 2421 vett.
767 2391 933 2420 hactenus
945 2389 1085 2419 dixerim
1102 2387 1248 2428 Kayser:
1269 2389 1441 2418 hactenus.
1461 2388 1614 2418 Dixerim

284 2435 371 2476 vulg.
507 2436 549 2464 28
573 2445 611 2465 ac
630 2434 689 2464 M:
714 2433 779 2465 secl.
801 2433 950 2463 Ernesti:
965 2434 1046 2471 sort.
1068 2437 1101 2462 at
