1732 2661
570 181 682 218 EPP.
715 182 793 218 AD
824 181 1083 219 ATTICVM
1479 180 1508 217 I.
1528 179 1605 216 xix

151 290 281 341 potius
316 290 374 337 sit,
404 291 597 338 laudetur,
623 304 695 328 nos
730 290 994 340 vituperemur
1031 289 1098 339 qui
1134 303 1214 328 non
1245 289 1374 339 potius
1406 289 1482 327 alia

150 357 382 402 laudemus:
421 369 661 405 quamquam
702 369 782 393 non
822 357 1095 407 ἐγκωμιαστικὰ
1141 363 1231 392 sunt
1271 356 1367 392 haec
1411 355 1480 392 sed

151 423 318 471 ἱστορικὰ
345 434 446 471 quae
476 420 692 458 scribimus.

204 485 377 535 Quintus
412 487 526 522 frater
560 493 697 534 purgat
733 498 773 522 se
813 484 908 522 mihi
944 497 1010 534 per
1048 484 1193 522 litteras
1228 491 1266 521 et
1299 484 1480 521 adfirmat
1501 488 1536 515 11

110 560 126 590 5
148 551 245 589 nihil
271 565 294 589 a
321 565 361 589 se
388 550 573 600 cuiquam
601 551 651 588 de
679 558 716 588 te
744 564 856 588 secus
879 564 963 588 esse
985 550 1146 588 dictum.
1207 551 1356 587 Verum
1384 550 1481 586 haec

148 616 262 654 nobis
301 629 432 654 coram
472 629 626 653 summa
661 629 753 653 cura
788 623 826 653 et
862 615 1065 664 diligentia
1099 622 1189 652 sunt
1223 615 1400 663 agenda;
1439 622 1480 651 tu

147 683 269 719 modo
303 694 375 718 nos
407 680 529 718 revise
564 680 789 730 aliquando.
854 680 1058 719 Cossinius
1092 679 1166 725 hic,
1202 679 1264 717 cui
1297 679 1389 717 dedi
1424 678 1481 716 lit-

146 754 256 792 teras,
287 747 400 783 valde
430 745 525 782 mihi
557 745 686 783 bonus
718 746 839 783 homo
865 753 903 783 et
940 759 1019 783 non
1051 744 1145 783 levis
1180 753 1218 782 et
1251 757 1388 782 amans
1423 744 1479 781 tui

145 810 250 848 visus
271 818 328 848 est
350 818 386 848 et
408 810 495 848 talis
518 812 674 860 qualem
698 824 782 848 esse
807 824 897 848 eum
924 818 1013 848 tuae
1041 809 1137 847 mihi
1159 809 1308 848 litterae
1329 808 1479 847 nuntia-

88 888 126 910 10
145 883 240 913 rant.
302 875 440 913 Idibus
464 875 626 913 Martiis.

186 993 271 1027 XX
411 996 477 1028 Ser.
500 997 628 1027 Romae
640 1001 715 1036 post
731 996 836 1028 iiiiId.
856 996 968 1028 Maias
985 1008 1016 1029 a.
1037 998 1101 1038 694
1121 997 1202 1039 (60).

555 1086 731 1117 CICERO
762 1086 935 1117 ATTICO
969 1085 1066 1117 SAL.

198 1175 300 1213 Cum
322 1188 340 1212 e
362 1174 607 1225 Pompeiano
629 1188 692 1213 me
716 1176 887 1213 Romam
916 1174 1150 1225 recepissem
1171 1188 1203 1212 a.
1227 1176 1264 1213 d.
1290 1187 1352 1212 1111
1377 1176 1473 1214 Idus
1496 1183 1512 1210 1

143 1239 280 1286 Maias,
305 1239 467 1279 Cincius
497 1248 628 1278 noster
659 1253 746 1278 eam
778 1240 873 1277 mihi
900 1241 971 1278 abs
999 1248 1037 1278 te
1064 1240 1271 1290 epistulam
1302 1240 1474 1278 reddidit

85 1318 119 1350 ¹5
141 1318 259 1355 quam
291 1313 331 1343 tu
365 1305 503 1344 Idibus
536 1306 647 1344 Febr.
672 1307 847 1344 dederas.
909 1306 957 1343 Ei
984 1319 1090 1344 nunc
1118 1305 1308 1356 epistulae
1338 1305 1474 1344 litteris

141 1371 200 1409 his
222 1371 481 1421 respondebo.
542 1373 602 1409 Ac
624 1370 793 1421 primum
816 1371 886 1410 tibi
907 1379 1155 1421 perspectum
1177 1384 1262 1410 esse
1283 1371 1473 1410 iudicium

138 1437 188 1474 de
215 1444 252 1474 te
280 1450 412 1474 meum
440 1437 572 1482 laetor,
597 1436 743 1474 deinde
771 1444 807 1474 te
833 1436 872 1473 in
899 1436 944 1474 iis
970 1437 1086 1474 rebus
1113 1450 1214 1486 quae
1242 1436 1338 1474 mihi
1365 1450 1473 1487 aspe-

138 1501 215 1539 rius
242 1515 265 1539 a
293 1501 407 1539 nobis
432 1509 551 1550 atque
580 1500 721 1538 nostris
750 1508 787 1538 et
815 1500 1068 1539 iniucundius
1098 1510 1208 1539 actae
1238 1501 1473 1539 videbantur

139 1566 495 1604 moderatissimum
521 1565 640 1604 fuisse
663 1565 1008 1604 vehementissime
1033 1567 1188 1616 gaudeo
1205 1566 1326 1616 idque
1342 1580 1472 1616 neque

78 1646 117 1667 20
136 1631 280 1669 amoris
321 1631 529 1669 mediocris
571 1639 608 1669 et
648 1630 779 1680 ingeni
818 1631 961 1668 summi
995 1645 1041 1669 ac
1076 1631 1290 1681 sapientiae
1324 1631 1468 1670 iudico.

138 1698 227 1745 Qua
261 1697 312 1734 de
346 1711 386 1735 re
417 1711 508 1735 cum
543 1698 593 1735 ad
630 1710 693 1735 me
728 1697 780 1734 ita
814 1697 993 1743 suaviter,
1030 1697 1249 1746 diligenter,
1283 1697 1467 1743 officiose,

135 1762 358 1800 humaniter
388 1762 586 1812 scripseris
616 1770 659 1800 ut
689 1776 769 1800 non
800 1764 922 1800 modo
950 1770 987 1800 te
1014 1762 1158 1800 hortari
1188 1762 1356 1812 amplius
1387 1776 1468 1801 non

134 1827 302 1865 debeam
333 1829 402 1866 sed
433 1842 483 1866 ne
514 1836 738 1878 exspectare
770 1827 930 1877 quidem
958 1828 1028 1865 abs
1057 1836 1094 1866 te
1120 1836 1187 1866 aut
1211 1828 1262 1866 ab
1289 1830 1369 1866 ullo
1401 1830 1468 1866 ho-

134 1892 240 1931 mine
274 1901 426 1931 tantum
466 1893 662 1932 facilitatis
697 1907 742 1931 ac
778 1893 1091 1931 mansuetudinis
1126 1893 1335 1943 potuerim,
1369 1894 1466 1932 nihil

75 1971 111 2002 25
133 1957 239 1995 duco
260 1971 344 1996 esse
367 1958 617 1997 commodius
640 1971 759 2008 quam
782 1959 832 1996 de
855 1958 913 1996 his
936 1958 1051 1996 rebus
1079 1958 1176 1996 nihil
1197 1958 1273 1996 iam
1294 1959 1465 2009 amplius

133 2022 310 2061 scribere.
371 2025 474 2063 Cum
514 2024 658 2062 erimus
697 2024 908 2074 congressi,
943 2031 1026 2062 tum
1065 2024 1097 2062 si
1136 2024 1231 2074 quid
1270 2038 1330 2063 res
1368 2026 1464 2063 feret

131 2101 262 2125 coram
296 2088 396 2128 inter
425 2103 496 2127 nos
527 2091 784 2128 conferemus.

186 2154 307 2201 Quod
331 2155 381 2192 ad
409 2168 472 2193 me
499 2155 549 2193 de
577 2168 616 2193 re
646 2154 805 2204 publica
835 2154 982 2201 scribis,
1016 2155 1192 2205 disputas
1225 2163 1266 2193 tu
1297 2155 1459 2205 quidem
1481 2164 1505 2192 2

130 2225 167 2255 et
197 2226 373 2257 amanter
402 2227 439 2258 et
471 2221 694 2270 prudenter,
718 2228 755 2258 et
786 2233 809 2258 a
838 2220 935 2258 meis
962 2220 1134 2259 consiliis
1156 2220 1253 2259 ratio
1283 2228 1349 2259 tua
1379 2235 1459 2260 non

72 2294 110 2324 30
128 2282 336 2331 abhorret,
366 2297 457 2322 nam
482 2298 612 2334 neque
639 2286 690 2322 de
717 2292 819 2322 statu
844 2284 959 2322 nobis
988 2293 1143 2323 nostrae
1170 2285 1371 2335 dignitatis
1401 2294 1459 2324 est

175 2397 187 2416 1
215 2387 258 2417 sit
275 2387 387 2428 vul'g.:
411 2388 438 2419 si
457 2388 545 2420 codd.
565 2400 572 2419 :
596 2399 660 2420 om.
685 2389 808 2428 Tyrrell
894 2400 913 2419 2
937 2389 1134 2422 laudemus?
1161 2389 1286 2421 Mseller
1376 2401 1414 2430 13
1439 2402 1457 2421 e

127 2430 200 2461 add.
222 2431 309 2471 vulg.
423 2442 463 2462 22
488 2436 562 2462 ante
578 2433 769 2463 humaniter
785 2433 858 2464 add.
880 2439 912 2464 et
930 2433 972 2462 M
