1773 2651
610 166 721 202 EPP.
753 166 831 202 AD
862 165 1123 203 ATTICVM
1405 166 1522 202 VIII.
1542 165 1587 201 xi
1605 176 1632 202 D

196 292 220 316 a
240 285 358 328 teque
377 279 427 316 ad
449 291 513 316 eas
538 276 754 315 honorifice
781 284 819 315 et
846 278 950 326 large
977 276 1205 326 responderi
1234 276 1418 323 viderem,
1443 276 1535 315 duxi

198 357 326 382 meam
357 344 576 391 rationem3
605 358 723 393 quam
755 343 825 381 tibi
853 343 965 381 facile
996 357 1058 382 me
1086 344 1340 393 probaturum
1368 357 1438 393 pro
1466 351 1535 381 tuo

197 408 236 446 in
276 423 338 447 me
371 409 564 447 beneficio
596 409 820 447 arbitrabar.
882 408 1145 446 Memineram
1186 422 1248 446 me
1287 422 1371 446 esse
1411 422 1534 446 unum

197 473 264 523 qui
298 488 368 524 pro
401 474 496 512 meis
529 473 706 511 maximis
739 473 777 511 in
813 487 893 511 rem
929 473 1128 523 publicam
1163 472 1308 511 meritis
1344 473 1536 523 supplicia

159 552 176 583 5
198 537 411 576 miserrima
441 546 478 576 et
508 538 778 577 crudelissima
808 538 1064 588 pertulissem,
1091 552 1152 576 me
1183 552 1268 577 esse
1300 552 1422 576 unum
1453 537 1532 588 qui,

196 603 227 640 si
262 603 515 642 offendissem
555 603 638 642 eius
677 604 852 641 animum
888 603 950 642 cui
989 610 1073 641 tum
1105 617 1195 641 cum
1231 603 1307 640 iam
1343 603 1382 640 in
1416 603 1533 640 armis

195 681 370 706 essemus
401 671 627 707 consulatus
659 677 790 707 tamen
820 670 917 707 alter
945 677 983 707 et
1013 669 1234 718 triumphus
1267 668 1533 718 amplissimus

196 734 451 780 deferebatur,
495 734 692 772 subicerer
737 734 886 772 eisdem
936 734 1103 784 proeliis,
1145 742 1186 771 ut
1235 747 1322 771 mea
1366 746 1533 783 persona

196 811 350 848 semper
382 800 433 837 ad
468 798 738 848 improborum
771 798 913 837 civium
949 798 1119 849 impetus
1150 798 1299 848 aliquid
1338 798 1533 836 videretur

137 878 177 901 10
196 863 340 902 habere
361 866 560 914 populare.
604 866 746 914 Neque
767 866 864 903 haec
886 878 966 903 non
983 878 1056 914 ego
1078 864 1182 914 prius
1204 877 1291 902 sum
1313 863 1532 914 suspicatus

196 944 314 980 quam
337 931 432 968 mihi
462 933 590 981 palam
615 931 847 970 denuntiata
876 939 979 978 sunt,
1000 944 1130 981 neque
1157 944 1203 969 ea
1230 938 1309 968 tam
1337 929 1532 980 pertimui,

195 995 226 1033 si
262 996 469 1034 subeunda
509 1005 652 1044 essent,
684 1010 802 1047 quam
839 996 1077 1035 declinanda
1114 995 1261 1046 putavi)
1296 995 1326 1033 si
1366 997 1531 1034 honeste

195 1061 315 1100 vitare
345 1075 513 1111 possem.
575 1064 706 1111 Quam
735 1063 894 1101 brevem
922 1062 1023 1100 illius
1052 1061 1252 1111 temporis,
1273 1062 1369 1099 dum
1397 1060 1435 1098 in
1463 1074 1531 1110 spe
1551 1064 1575 1102 8

195 1140 270 1175 pax
308 1127 392 1174 fuit,
429 1128 620 1166 rationem
659 1136 834 1166 nostram
873 1127 996 1171 vides,
1031 1126 1169 1177 reliqui
1208 1128 1432 1165 facultatem
1473 1139 1532 1164 res

137 1203 174 1235 15
195 1192 353 1231 ademit.
418 1194 471 1232 Iis
492 1202 624 1232 autem
646 1193 790 1243 quibus
817 1206 898 1231 non
926 1192 1017 1231 satis
1043 1192 1143 1230 facio
1165 1192 1277 1230 facile
1298 1192 1530 1242 respondeo.

196 1251 465 1307 Neque‘enim
488 1272 561 1309 ego
588 1258 750 1297 amicior
778 1260 822 1297 C.
847 1257 1004 1297 Caesari
1035 1271 1224 1307 umquam
1252 1257 1306 1295 fui
1334 1271 1452 1307 quam
1480 1256 1534 1294 illi

196 1337 325 1373 neque
346 1324 400 1362 illi
421 1324 626 1363 amiciores
654 1324 707 1363 rei
735 1324 917 1375 publicae
945 1337 1063 1374 quarn
1092 1337 1175 1373 ego.
1237 1325 1330 1360 Hoc
1351 1322 1450 1360 inter
1471 1335 1534 1360 me

195 1396 233 1427 et
263 1389 350 1427 illos
381 1389 539 1428 interest
571 1391 693 1440 quod,
719 1403 810 1428 cum
841 1397 879 1428 et
909 1388 962 1426 illi
992 1388 1097 1426 cives
1128 1387 1267 1438 optimi
1295 1387 1371 1425 sint
1399 1394 1436 1424 et
1461 1400 1534 1436 ego

195 1455 246 1493 ab
281 1455 353 1493 ista
386 1457 504 1494 laude
536 1470 616 1494 non
651 1456 792 1503 absim,
824 1469 897 1505 ego
936 1454 1253 1499 condicionibus,
1284 1454 1393 1503 quod
1428 1453 1533 1491 idern

138 1532 177 1554 20
196 1528 233 1558 te
255 1519 518 1559 intellexeram
540 1523 652 1568 velle,
673 1521 726 1558 illi
753 1520 870 1558 armis
897 1519 1106 1570 disceptari
1128 1520 1358 1557 maluerunt.
1420 1519 1533 1566 Quae

196 1585 384 1634 quoniam
406 1586 503 1624 ratio
524 1586 627 1631 vicit,
649 1586 848 1636 perficiam
878 1587 1055 1635 profecto
1080 1593 1122 1622 ut
1143 1598 1273 1634 neque
1294 1597 1353 1622 res
1375 1582 1533 1633 publica

195 1649 289 1688 civis
310 1664 332 1688 a
354 1664 416 1689 me
436 1650 612 1689 animum
634 1665 763 1701 neque
784 1659 826 1689 tu
846 1650 963 1689 amici
983 1650 1193 1689 desideres.

240 1810 332 1845 XII
444 1814 514 1847 Scr.
533 1816 566 1846 in
584 1815 767 1847 Formiano
779 1814 869 1856 prid.
888 1814 931 1846 K.
952 1814 1051 1845 Man.
1073 1824 1103 1844 a.
1126 1823 1179 1853 705
1197 1812 1286 1854 (49).

617 1909 791 1940 CICERO
817 1908 989 1939 ATTICO
1016 1907 1112 1938 SAL.

140 1982 177 2013 ²5
253 1979 354 2017 Mihi
387 1979 587 2019 molestior
625 1983 812 2030 lippitudo
851 1988 931 2019 erat
963 1980 1080 2018 etiam
1116 1992 1235 2028 quarn
1270 1985 1361 2016 ante
1393 1978 1569 2033 fuerat.1

199 2043 357 2082 Dictare
395 2053 528 2083 tamen
561 2047 664 2084 hanc
703 2046 909 2095 epistulam
950 2045 1069 2083 malui
1101 2057 1220 2093 quam
1257 2044 1371 2081 Gallo
1408 2042 1531 2080 Fadio

196 2109 467 2147 amantissimo
491 2110 694 2160 utriusque
720 2118 897 2148 nostrum
927 2110 1023 2148 nihil
1044 2111 1095 2148 ad
1120 2118 1157 2147 te
1184 2108 1397 2146 litterarum
1426 2108 1530 2145 dare.

199 2174 301 2211 Nam
337 2174 461 2223 pridie
492 2175 668 2224 quidem,
699 2189 862 2225 quoquo
893 2176 1015 2213 modo
1048 2183 1263 2224 potueram,
1303 2172 1531 2222 scripseram

243 2279 264 2306 6
288 2278 340 2307 cui
359 2282 427 2308 tum
446 2288 521 2308 cum
538 2277 638 2309 Rom.
657 2279 697 2309 I:
722 2279 773 2309 cui
792 2284 825 2309 tu
844 2289 918 2309 curn
938 2278 1011 2318 (sed
1031 2284 1066 2309 tu
1084 2278 1298 2319 expunctum*
1319 2276 1361 2306 M
1512 2277 1533 2306 8

200 2320 358 2359 procellis
384 2324 391 2336 ‘
406 2321 480 2350 alii'
498 2326 553 2361 ap.
574 2321 759 2352 Com-adum
776 2321 918 2362 Madvig
1006 2323 1055 2363 ut]
1083 2323 1173 2360 quod
1192 2322 1269 2352 coni.
1291 2320 1433 2350 Muller:
1458 2330 1531 2350 cum

200 2363 285 2393 Reid
399 2373 438 2395 10
463 2365 582 2404 Neque
601 2365 746 2396 Muller:
770 2371 871 2405 atque
890 2364 932 2394 M
1063 2376 1100 2404 13
1126 2365 1234 2404 Quam
1253 2365 1320 2395 secl.
1343 2363 1483 2403 Madvig
1498 2368 1534 2394 ut

199 2418 237 2437 ex
251 2408 412 2446 superiore
428 2419 522 2438 versu
548 2410 735 2448 repetstum:
764 2409 930 2448 Perquam
957 2408 1043 2439 Resd
1143 2419 1180 2438 21
1208 2410 1288 2439 vicit
1311 2407 1352 2437 M
1368 2408 1532 2447 (nmrg.):

201 2450 290 2481 misit
313 2450 354 2480 M
484 2461 524 2490 25
551 2453 719 2492 lippitudo
737 2452 812 2484 add.
835 2457 904 2483 vett.
922 2464 927 2482 z
953 2452 1040 2492 λήμη
1058 2453 1135 2483 com'.
1157 2452 1258 2482 Orelli
