1773 2651
585 140 696 176 EPP.
729 140 807 176 AD
837 140 1097 178 ATTICVM
1467 140 1535 176 IV.
1559 136 1651 174 xvii

165 249 215 286 de
233 249 409 287 Caesaris
431 249 469 286 in
492 263 555 287 me
576 263 708 287 amore
729 250 907 299 cognovi,
925 263 1049 300 eaque
1070 258 1160 288 sunt
1181 250 1301 300 ipsius
1320 249 1498 289 Caesaris

165 313 371 351 uberrimis
409 314 543 352 litteris
583 316 823 352 confirmata.
890 315 1104 353 Britannici
1143 315 1235 353 belli
1275 315 1399 353 exitus
1438 329 1498 353 ex-

165 386 381 427 spectatur;
411 387 565 417 constat
581 379 685 417 enim
703 380 833 418 aditus
855 380 1004 418 insulae
1025 394 1110 419 esse
1132 388 1304 418 muratos
1326 380 1498 418 mirificis

166 443 346 481 molibus.
427 444 557 482 Etiam
596 444 692 483 illud
733 444 808 482 iarn
848 445 1051 495 cognitum
1090 452 1146 483 est
1182 459 1311 495 neque
1349 444 1498 494 argenti

126 520 142 551 5
165 507 378 558 scripulum
399 523 484 548 esse
505 511 628 547 ullum
657 509 696 547 in
725 509 789 547 illa
816 509 943 548 insula
967 524 1096 560 neque
1117 511 1235 547 ullam
1261 524 1371 560 spem
1392 524 1498 560 prae—

164 573 238 611 dae
265 573 339 612 nisi
367 588 413 612 ex
441 574 671 625 mancipiis:
700 589 746 613 ex
774 575 918 625 quibus
945 577 1074 614 nullos
1094 583 1191 625 puto
1213 583 1250 614 te
1272 575 1407 613 litteris
1431 583 1498 614 aut

165 638 324 676 musicis
345 639 518 677 eruditos
539 648 774 690 exspectare.
827 642 971 678 Paulus
987 640 1027 678 in
1045 640 1177 679 medio
1194 641 1277 678 foro
1295 640 1496 678 basilicam
1516 645 1539 684 7
1560 635 1662 686 (XVI.
1691 637 1754 687 14)

164 703 240 741 iam
273 717 398 753 paene
430 712 575 743 texerat
611 705 736 744 isdem
776 705 948 755 antiquis
983 706 1188 752 columnis,
1224 706 1329 744 illam
1364 713 1496 744 autem

164 781 282 817 quam
305 769 446 807 locavit
464 770 555 808 facit
572 770 1013 820 magnificentissimam.
1067 771 1174 819 Quid
1192 771 1374 820 quaeris?
1401 771 1497 808 nihil

106 848 145 871 10
163 834 307 883 gratius
337 834 405 873 illo
435 843 708 882 monumento,
739 835 835 873 nihil
865 835 1082 885 gloriosius.
1149 838 1288 886 Itaque
1319 836 1497 875 Caesaris

162 899 289 945 amici,
309 913 372 937 me
388 899 479 938 dico
500 908 538 938 et
555 900 742 950 Oppium,
762 900 997 951 dirumparis
1014 900 1113 947 licet,
1133 903 1174 938 in
1193 910 1496 939 monumentum

162 963 259 1002 illud
286 965 394 1014 quod
422 972 463 1002 tu
489 966 623 1003 tollere
653 965 836 1003 laudibus
867 966 1032 1012 solebas,
1056 974 1098 1003 ut
1126 967 1252 1004 forum
1280 968 1496 1004 laxaremus

162 1036 199 1066 et
227 1043 351 1078 usque
380 1031 431 1067 ad
461 1030 602 1068 atrium
629 1030 837 1068 Libertatis
867 1030 1162 1080 explicaremus,
1185 1031 1496 1081 contempsimus

161 1095 377 1133 sexcenties
412 1096 507 1139 HS;
543 1109 632 1133 curn
666 1095 824 1145 privatis
860 1109 940 1133 non
972 1104 1123 1145 poterat
1154 1096 1312 1146 transigi
1345 1096 1495 1135 minore

105 1176 140 1206 15
161 1159 337 1208 pecunia.
400 1160 625 1198 Efficiemus
660 1174 741 1198 rem
775 1160 1121 1210 gloriosissimam3
1158 1175 1250 1198 nam
1282 1160 1321 1198 in
1353 1175 1495 1211 campo

163 1224 307 1263 Martio
341 1234 475 1275 saepta
509 1225 663 1263 tributis
697 1225 866 1264 comitiis
906 1239 1123 1264 marmorea
1158 1239 1293 1264 sumus
1325 1233 1362 1264 et
1392 1234 1495 1264 tecta

159 1289 297 1327 facturi
329 1304 454 1339 eaque
486 1290 689 1340 cingemus
721 1292 874 1328 excelsa
905 1290 1068 1340 porticu,
1096 1299 1139 1329 ut
1169 1291 1275 1329 mille
1307 1304 1493 1341 passuum

159 1355 398 1393 conficiatur.
450 1355 573 1394 Simul
590 1356 824 1406 adiungetur
845 1356 936 1394 huic
957 1356 1066 1406 operi
1082 1357 1172 1394 villa
1188 1356 1305 1394 etiam
1322 1357 1490 1406 publica.

162 1420 280 1458 Dices
322 1424 330 1440 ⁶
348 1420 457 1469 Quid
495 1421 591 1458 mihi
631 1423 707 1460 hoc
751 1429 1056 1459 monumentum
1102 1421 1325 1471 proderit?⁷
1394 1422 1493 1461 †Ad

102 1503 141 1524 20
160 1485 256 1535 quid
283 1485 323 1523 id
350 1487 574 1524 laboramus
600 1499 660 1524 res
689 1488 928 1525 Romanasr.
989 1487 1082 1524 Non
1113 1486 1219 1524 enim
1250 1494 1288 1524 te
1317 1494 1413 1536 puto
1443 1487 1494 1524 de

159 1552 280 1588 lustro
304 1552 413 1600 quod
440 1551 518 1588 iarn
547 1552 799 1601 desperatum
829 1559 897 1597 est,
930 1559 997 1589 aut
1024 1552 1075 1589 de
1102 1550 1256 1589 iudiciis
1282 1564 1384 1601 quae
1409 1553 1494 1602 lege

158 1615 347 1657 †Coctia†
368 1617 463 1654 fiant
483 1630 679 1666 quaerere.

200 1725 364 1762 XVIII
485 1729 554 1760 Scr.
577 1728 706 1760 Romae
719 1740 768 1761 ex.
786 1740 829 1761 m.
853 1728 919 1760 Oct.
941 1739 972 1761 a.
993 1738 1052 1768 700
1070 1729 1161 1771 (54).

573 1800 744 1832 CICERO
766 1801 946 1832 ATTICO
969 1800 1076 1833 SAL.

99 1889 138 1922 25
217 1875 240 1898 ’Ἀ
271 1875 294 1898 ‘³‘
325 1875 349 1898 ‘³⁶
377 1875 522 1914 †Nunc
556 1881 598 1911 ut
632 1873 862 1923 opinionem
899 1874 1046 1911 habeas
1089 1877 1252 1920 rerum†,
1285 1875 1489 1913 ferendum
1511 1870 1647 1922 1(xvr.
1673 1871 1716 1924 9)

157 1946 224 1976 est.
287 1939 452 1987 Quaeris
486 1952 559 1988 ego
594 1952 657 1976 me
691 1945 732 1976 ut
763 1938 958 1987 gesserim.
1021 1938 1259 1977 Constanter
1289 1947 1327 1977 et
1357 1939 1487 1978 libere.

200 2053 218 2081 3
234 2049 380 2074 muratos
410 2043 529 2073 Iunius
552 2042 681 2082 Z'vrrelk
709 2043 871 2082 ingeniose
890 2054 895 2072 :
939 2043 1074 2072 miratos
1094 2042 1155 2073 M:
1189 2043 1337 2072 munitos
1358 2043 1390 2072 E
1404 2044 1486 2082 sort.

157 2091 251 2117 recte:
289 2087 438 2117 firmatos
468 2087 545 2117 coni.
565 2085 649 2115 Reid
782 2098 800 2124 4
825 2090 899 2115 ante
913 2086 1054 2116 molibus
1071 2086 1209 2117 addend.
1228 2087 1391 2116 montium
1409 2089 1487 2117 (oni.

157 2129 243 2160 Reid
266 2131 333 2161 coll.
360 2131 447 2160 Caes.
467 2130 506 2160 Β.
531 2130 567 2160 G.
589 2130 630 2160 iv.
652 2139 702 2167 23.
719 2138 739 2166 3
906 2130 926 2159 8
951 2134 1083 2160 texerat
1118 2130 1330 2170 chseubmg:
1363 2131 1488 2160 texerit

158 2172 300 2204 CM¹le
328 2174 413 2204 texit
431 2173 486 2203 M2
505 2185 511 2203 z
537 2174 646 2204 texuit
662 2173 791 2202 Bauer:
819 2179 975 2203 erexerat
993 2173 1113 2203 Klotz:
1141 2174 1257 2203 refecit
1274 2174 1358 2203 Boot
1369 2173 1491 2204 Msiller

159 2227 171 2247 ι
182 2227 192 2246 1
213 2218 247 2246 in
260 2217 334 2248 add.
350 2217 471 2247 Rosius
552 2228 601 2256 19,
617 2227 658 2247 20
675 2216 719 2246 At
731 2217 810 2255 quid
824 2217 854 2247 id
868 2217 1079 2247 laboramus?
1107 2217 1224 2247 Habes
1236 2227 1289 2247 res
1301 2216 1491 2257 Wesenbeaeg

157 2261 276 2290 (habes
293 2261 362 2290 iam
379 2261 412 2290 in
430 2260 458 2289 L
479 2261 600 2300 matg.)
617 2272 622 2290 :
649 2260 751 2299 Atqui
770 2261 800 2289 id
820 2260 1010 2290 laboramus
1036 2264 1071 2289 ut
1092 2261 1219 2290 habeas
1237 2271 1290 2290 res
1309 2261 1386 2291 coni.
1404 2261 1490 2290 Boot

155 2315 195 2334 22
220 2304 350 2343 Coctia]
367 2304 475 2334 Plotia
492 2304 669 2333 Ascensins
689 2315 696 2334 ε
733 2303 849 2334 Clodia
867 2304 1002 2343 Lange:
1029 2303 1146 2333 Cincia
1163 2303 1287 2334 Sclzz'itz
1303 2316 1308 2334 :
1345 2304 1487 2334 Aurelia

154 2347 297 2379 Ernesti:
325 2348 498 2378 Scantinia
516 2346 602 2376 Reid
688 2347 772 2377 fiunt
794 2346 1003 2386 [Vesenbmgx
1030 2346 1110 2376 fiant
1128 2347 1170 2376 M
1297 2358 1338 2386 25
1363 2352 1398 2377 ut
1418 2371 1425 2378 .
1447 2371 1453 2377 .
1474 2371 1482 2379 .

154 2390 282 2420 reruml
303 2395 338 2420 ut
357 2390 535 2420 Gabinium
555 2390 679 2419 habeas
705 2400 798 2419 reum
816 2389 1030 2429 Malaspma:
1056 2394 1132 2419 utut
1158 2390 1355 2428 opinionem
1382 2391 1486 2421 habes

176 2443 263 2462 ³rum
282 2433 431 2473 Kayser:
446 2434 527 2472 fort.
549 2439 583 2463 ut
598 2433 795 2471 opinionem
814 2443 922 2463 meam
940 2433 1066 2463 habeas
1086 2443 1197 2463 rerum
