1732 2661
591 180 702 216 EPP.
736 180 812 215 Al)
844 178 1103 216 ATTICVM
1466 179 1551 217 II.i

169 293 333 330 Metello
359 293 428 330 sed
450 291 567 329 etiam
595 305 685 328 cum
710 290 843 337 Fabio,
867 291 975 340 quod
1002 303 1069 328 eos
1090 293 1200 329 i‘esse
1227 289 1266 328 in
1293 291 1369 327 hoc
1395 293 1504 329 esser

168 359 334 395 moleste
354 358 436 395 fert.

223 423 344 470 Quod
368 422 417 459 de
442 420 588 471 agraria
613 422 697 469 lege
725 420 888 470 quaeris,
913 434 1006 458 sane
1027 420 1103 457 iam
1126 420 1280 457 videtur
1301 419 1500 458 refrixisse.
1524 428 1551 465 6

168 488 289 535 Quod
311 500 373 525 me
394 487 569 536 quodam
593 486 714 523 modo
733 485 840 522 molli
858 484 1042 523 bracchio
1060 486 1109 523 de
1128 484 1293 534 Pompei
1312 484 1503 522 familiari-

130 559 245 597 5t21te
276 551 467 601 obiurgaS,
502 551 625 588 nolim
657 550 709 588 ita
739 550 946 595 existimes,
983 564 1046 588 me
1077 549 1154 588 mei
1186 549 1354 600 praesidi
1386 563 1503 587 causa

167 630 257 654 cum
282 616 349 655 illo
381 615 638 654 coniunctum
671 629 769 655 esse,
802 616 871 653 sed
904 614 955 652 ita
986 628 1045 653 res
1078 622 1157 652 erat
1189 613 1366 652 instituta
1396 622 1448 660 ut,
1471 614 1502 652 si

168 681 266 719 inter
287 695 358 719 nos
379 689 481 719 esset
501 681 632 730 aliqua
654 682 752 719 forte
777 680 982 727 dissensio,
1007 680 1195 718 maximas
1217 680 1256 718 in
1282 694 1320 718 re
1346 680 1504 730 publica

167 746 382 785 discordias
404 745 545 784 versari
577 753 678 783 esset
710 759 881 783 necesse.
944 747 1064 794 Quod
1094 759 1117 784 a
1148 759 1210 784 me
1240 745 1293 783 ita
1322 758 1503 795 praecau-

167 820 249 850 tum
283 819 402 861 atque
434 810 633 861 provisum
667 818 725 848 est
757 824 837 848 non
870 818 911 848 ut
944 824 1016 860 ego
1051 811 1101 848 de
1136 810 1286 860 optima
1318 809 1381 848 illa
1415 824 1503 848 mea

167 876 316 914 ratione
346 877 579 914 decederem
612 876 681 913 sed
717 883 757 913 ut
794 875 858 914 ille
889 883 990 913 esset
1026 875 1163 913 melior
1197 883 1235 913 et
1267 874 1417 924 aliquid
1452 876 1502 912 de

167 940 344 992 populari
366 940 522 979 levitate
544 941 772 990 deponeret.
835 942 965 990 Quem
995 941 1045 978 de
1076 939 1173 978 meis
1194 941 1323 987 rebus,
1345 940 1384 977 in
1405 953 1502 990 quas

167 1020 257 1045 euin
293 1005 404 1044 multi
437 1005 652 1052 incitarant,
687 1007 811 1043 multo
839 1005 938 1043 scito
967 1004 1171 1055 gloriosius
1199 1018 1318 1054 quam
1343 1005 1393 1043 de
1423 1004 1502 1042 suis

168 1071 416 1122 praedicare3
457 1071 531 1110 sibi
566 1071 671 1110 enim
707 1072 809 1109 bene
842 1079 987 1121 gestae,
1022 1070 1118 1108 mihi
1157 1078 1410 1108 conservatae
1449 1068 1501 1108 rei

168 1137 350 1187 publicae
384 1139 451 1175 dat
485 1136 765 1175 testimonium.
827 1138 920 1174 Hoc
956 1137 1081 1174 facere
1114 1135 1223 1174 illurn
1256 1135 1351 1173 mihi
1383 1149 1501 1185 quam

133 1235 143 1243 ι
169 1202 289 1252 prosit
319 1202 478 1249 nescio,¹
508 1201 561 1240 rei
588 1201 769 1251 publicae
795 1208 898 1239 certe
926 1202 1096 1251 prodest.
1157 1200 1295 1249 Quid?
1325 1200 1356 1238 si
1384 1200 1501 1238 etiarn

169 1269 377 1307 Caesarem
401 1267 511 1305 cuius
534 1281 640 1305 nunc
661 1266 766 1305 venti
788 1268 901 1304 valde
926 1274 1016 1304 sunt
1041 1265 1204 1304 secundi
1226 1267 1349 1304 reddo
1371 1265 1502 1304 melio-

168 1347 260 1379 rem,
298 1347 393 1370 num
435 1340 587 1370 tantum
623 1332 765 1370 obsum
806 1331 859 1369 rei
899 1331 1113 1382 publicae?
1170 1330 1277 1379 Quin
1318 1330 1435 1369 etiam
1470 1330 1543 1378 si7

168 1397 263 1435 mihi
294 1412 412 1436 nemo
445 1397 645 1442 invideret,
679 1396 709 1434 si
741 1410 894 1443 omnes,
924 1404 965 1434 ut
993 1404 1072 1434 erat
1100 1410 1285 1446 aequum,
1316 1397 1502 1443 faverent,

168 1470 299 1501 tamen
331 1477 411 1501 non
445 1463 574 1500 minus
611 1469 712 1500 esset
751 1462 957 1512 probanda
989 1461 1186 1500 medicina
1217 1474 1318 1511 quae
1349 1469 1502 1499 sanaret

110 1545 124 1565 2
168 1527 324 1566 vitiosas
359 1527 477 1577 partis
518 1527 570 1566 rei
610 1526 791 1577 publicae
826 1540 944 1576 quam
980 1540 1080 1576 quae
1115 1534 1321 1565 exsecaret.
1383 1528 1501 1565 Nunc

167 1606 270 1639 vero,
294 1606 415 1642 quom
447 1592 643 1642 equitatus
672 1591 735 1630 ille
766 1605 884 1641 quem
910 1605 982 1641 ego
1006 1591 1047 1629 in
1077 1591 1178 1629 clivo
1209 1591 1436 1641 Capitolino
1464 1600 1501 1630 te

168 1657 350 1708 signifero
373 1672 419 1696 ac
449 1658 625 1708 principe
656 1659 904 1696 conlocaram
930 1665 1109 1695 senatum
1131 1657 1358 1703 deseruerit,
1380 1656 1500 1695 nostri

167 1730 298 1761 autern
326 1722 522 1773 principes
548 1722 670 1772 digito
698 1736 739 1760 se
767 1724 918 1760 caelum
945 1730 1083 1772 putent
1109 1721 1300 1772 attingere
1330 1722 1361 1760 si
1392 1721 1499 1760 mulli

169 1787 319 1825 barbati
340 1787 379 1824 in
401 1787 560 1837 piscinis
582 1787 659 1825 sint
687 1786 752 1836 qui
779 1788 830 1824 ad
859 1800 1020 1824 manum
1047 1788 1249 1833 accedant,
1272 1787 1348 1825 alia
1367 1795 1499 1825 autern

112 1867 141 1895 ει
168 1854 385 1902 neglegant,
418 1866 551 1891 nonne
588 1852 658 1890 tibi
690 1852 782 1890 satis
818 1853 1004 1902 prodesse
1036 1852 1171 1890 videor
1201 1852 1232 1890 si
1264 1852 1424 1902 perficio
1458 1860 1500 1890 ut

169 1919 293 1957 nolint
325 1919 465 1957 obesse
500 1918 566 1968 qui
599 1920 793 1968 possunt?
850 1919 953 1955 Nam
985 1920 1180 1957 Catonem
1211 1926 1388 1957 nostrum
1419 1932 1499 1956 non
1520 1922 1544 1959 8

169 1991 209 2021 tu
230 1997 337 2021 amas
359 1985 445 2033 plus
467 1997 585 2033 quam
607 1996 704 2032 ego3
734 1984 802 2020 sed
821 1990 951 2021 tamen
974 1983 1037 2021 ille
1059 1983 1210 2033 optimo
1230 1983 1364 2021 animo
1386 1990 1499 2021 utens

169 2056 206 2086 et
241 2062 394 2086 summa
428 2049 506 2086 fide
541 2055 658 2086 nocet
697 2047 893 2085 interdum
928 2048 980 2085 rei
1016 2048 1224 2098 publicae3
1265 2048 1359 2085 dicit
1394 2048 1499 2085 enim

169 2121 370 2162 tamquam
410 2113 449 2150 in
490 2113 664 2150 Platonis
698 2114 876 2162 πολιτείᾳ,
910 2126 988 2150 non
1025 2121 1226 2162 tamquam
1262 2113 1300 2150 in
1338 2112 1499 2150 Romuli

111 2212 118 2219 ,
170 2179 276 2215 faece
310 2178 555 2216 sententiam.
631 2177 739 2226 Quid
771 2177 897 2215 verius
927 2191 1045 2227 quam
1076 2178 1114 2215 in
1146 2177 1335 2216 iudicium
1367 2177 1499 2215 venire

169 2242 233 2291 qui
257 2242 308 2280 ob
330 2256 410 2280 rem
433 2242 686 2280 iudicandam
708 2242 916 2291 pecuniam
945 2242 1170 2292 acceperit?
1228 2241 1392 2281 Censuit
1422 2243 1498 2280 hoc

217 2357 229 2376 1
257 2357 315 2376 eos
334 2347 366 2376 in
385 2347 447 2377 hoc
466 2357 541 2377 esse
563 2346 636 2377 l'ict.
656 2358 661 2376 :
688 2358 746 2376 eos
770 2347 847 2377 mihi
873 2357 948 2376 ess:
966 2347 1090 2377 amicos
1108 2347 1144 2376 I:
1171 2357 1230 2376 eos
1248 2347 1403 2377 inimicos
1421 2357 1498 2377 esse

171 2390 344 2421 Biiclzeler:
370 2400 429 2420 eos
447 2400 523 2420 esse
541 2391 744 2420 innocentes
763 2390 902 2430 Madvig
1045 2400 1066 2428 9
1089 2396 1190 2429 atque
1204 2393 1246 2421 Σε
1257 2390 1344 2420 Crat.
1366 2401 1372 2420 :
1396 2395 1498 2429 atque

170 2433 215 2463 ita
239 2433 280 2463 M
353 2434 542 2473 praevisum
570 2433 621 2462 Μ1
714 2444 750 2472 17
776 2434 912 2463 tandem
939 2433 1063 2463 Sclzz'itz
1163 2443 1203 2471 25
1225 2437 1299 2473 post
1320 2433 1405 2464 satis
1421 2433 1494 2465 add.

171 2476 375 2516 reipublicae
398 2476 586 2516 Wesenbasg
716 2487 757 2515 29
784 2477 950 2507 Romulae
973 2477 1049 2506 coni.
1077 2476 1196 2515 Tyrrcll
