1773 2651
629 163 740 199 EPP.
772 163 850 199 AD
881 161 1140 199 ATTICVM
1480 159 1550 195 VI.
1569 157 1614 195 iii

218 274 316 312 alius
346 282 403 312 est
435 276 577 312 Brutus
607 281 791 312 tractatus
822 287 941 323 quam
973 271 1196 321 Pompeius.
1258 273 1379 309 Bruto
1414 277 1547 308 curata

219 340 294 377 hoc
315 353 420 378 anno
450 341 595 378 talenta
623 339 774 377 circiter
794 351 828 385 c,
853 337 1043 388 Pompeio
1071 337 1110 374 in
1139 351 1204 375 sex
1232 336 1433 374 mensibus
1463 349 1547 385 pro-

219 404 337 442 missa
357 416 416 443 cc.
478 406 563 442 Iam
594 403 633 441 in
655 403 759 453 Appi
790 403 949 452 negotio
974 410 1166 452 quantum
1194 401 1395 440 tribuerim
1424 403 1546 439 Bruto

218 469 295 507 dici
327 469 388 507 vix
422 477 560 519 potest.
621 468 729 517 Quid
754 476 811 506 est
842 468 956 517 igitur
985 468 1093 517 quod
1123 467 1327 505 laborem?
1384 466 1545 504 Amicos

182 546 198 577 5
219 535 337 572 habet
372 548 496 572 meras
529 548 662 584 nugas,
698 534 922 580 Matinium,
958 533 1169 582 Scaptium.
1232 532 1311 581 Qui
1343 532 1435 581 quia
1464 545 1545 570 non

218 600 354 637 habuit
384 614 406 637 a
437 614 499 638 me
533 608 679 637 turmas
711 599 889 649 equitum
925 598 1068 648 quibus
1101 599 1274 647 Cyprum
1306 605 1471 643 vexaret,
1504 604 1545 634 ut

215 672 306 702 ante
328 678 390 702 me
412 666 565 710 fecerat,
590 666 751 702 fortasse
780 671 992 709 suscenset,
1015 671 1081 700 aut
1103 662 1195 712 quia
1221 663 1439 712 praefectus
1464 675 1544 699 non

215 738 283 776 est,
313 731 421 779 quod
451 744 523 779 ego
554 730 701 768 nemini
733 729 849 767 tribui
881 729 1122 779 negotiatori,
1152 742 1233 766 non
1264 729 1307 767 C.
1331 727 1543 765 Vennonio

215 808 305 832 meo
336 795 524 841 familiari,
563 808 641 832 non
675 802 742 832 tuo
780 796 834 831 M.
872 794 1032 840 Laenio,
1068 802 1105 832 et
1144 795 1252 843 quod
1284 793 1354 831 tibi
1390 795 1542 831 Romae

156 871 195 894 10
215 861 464 898 ostenderam
487 874 550 898 me
572 868 813 898 servaturum
828 875 838 907 3
869 860 907 897 in
929 873 1009 909 quo
1030 859 1281 909 perseveravi.
1342 860 1419 897 Sed
1447 858 1542 908 quid

214 925 355 975 poterit
386 925 495 974 queri
525 925 555 962 is
587 925 652 974 qui
683 926 833 963 auferre
863 924 1072 974 pecuniam
1102 938 1192 962 cum
1226 931 1359 974 posset
1389 923 1543 961 noluit?

212 992 317 1029 †Aut
353 990 558 1040 Scaptius†
599 989 666 1040 qui
706 989 745 1027 in
781 989 1038 1040 Cappadocia
1076 989 1157 1035 fuit,
1192 997 1288 1038 puto
1327 1002 1411 1027 esse
1450 988 1541 1026 satis

212 1056 369 1093 factum.
431 1057 470 1093 Is
490 1069 513 1092 a
534 1069 596 1093 me
624 1054 865 1092 tribunatum
893 1068 983 1092 cum
1011 1054 1227 1104 accepisset
1254 1068 1371 1104 quem
1402 1067 1473 1103 ego
1495 1067 1541 1091 ex

213 1119 322 1157 Bruti
343 1120 478 1158 litteris
499 1120 533 1158 ei
555 1119 795 1166 detulissem,
814 1127 952 1169 postea
972 1119 1124 1169 scripsit
1144 1121 1194 1158 ad
1216 1134 1279 1158 me
1306 1133 1346 1158 se
1363 1119 1417 1157 uti
1434 1121 1539 1157 nolle

154 1196 190 1226 15
210 1198 258 1222 eo
279 1185 488 1223 tribunatu.

266 1250 413 1288 Gavius
456 1258 514 1289 est
556 1250 717 1300 quidam
758 1251 820 1289 cui
858 1265 949 1289 cum
989 1253 1271 1301 praefecturam
1310 1251 1585 1290 detulissem6

212 1315 321 1352 Bruti
349 1324 484 1366 rogatu
513 1318 635 1354 multa
662 1324 700 1354 et
721 1317 817 1355 dixit
844 1324 882 1355 et
910 1317 1000 1355 fecit
1025 1331 1115 1355 cum
1145 1318 1316 1366 quadam
1342 1330 1430 1354 mea
1450 1330 1540 1354 con-

211 1380 380 1427 tumelia,
400 1383 441 1418 P.
459 1381 576 1420 Clodi
593 1381 711 1419 canis.
759 1383 798 1419 Is
821 1396 882 1420 me
899 1396 972 1420 nec
989 1382 1302 1431 proficiscentem
1319 1383 1538 1431 Apameam

209 1454 439 1495 prosecutus
479 1454 536 1484 est
571 1460 655 1493 nec,
688 1461 778 1485 cum
811 1455 948 1497 postea
979 1447 1018 1484 in
1057 1455 1182 1485 castra
1213 1447 1382 1485 venisset
1420 1455 1538 1496 atque

151 1527 189 1548 20
209 1510 301 1550 inde
334 1511 563 1559 discederet,
600 1526 695 1550 num
730 1513 825 1562 quid
860 1514 1001 1551 vellem
1041 1513 1188 1562 rogavit
1226 1520 1264 1550 et
1302 1512 1373 1550 fuit
1406 1520 1538 1562 aperte

208 1576 303 1613 mihi
325 1577 459 1614 nescio
480 1591 558 1626 qua
578 1591 618 1615 re
639 1591 719 1615 non
747 1577 907 1616 amicus.
971 1580 1092 1616 Hunc
1114 1592 1185 1628 ego
1207 1578 1237 1616 si
1265 1578 1304 1615 in
1334 1577 1538 1628 praefectis

207 1642 444 1689 habuissem,
471 1656 589 1692 quem
621 1651 661 1681 tu
693 1658 755 1682 me
786 1643 988 1682 hominem
1019 1645 1204 1694 putares?
1263 1643 1352 1692 Qui,
1380 1650 1421 1681 ut
1449 1642 1534 1689 scis,

206 1707 569 1756 potentissimorum
591 1708 798 1746 hominum
821 1709 1111 1747 contumaciam
1134 1722 1350 1758 numquam
1368 1708 1532 1754 tulerim,

206 1774 344 1811 ferrem
384 1773 499 1811 huius
538 1775 777 1812 adseculae?
825 1775 896 1813 etsi
936 1772 1012 1813 hoc
1044 1777 1131 1825 plus
1170 1782 1228 1813 est
1266 1788 1384 1824 quam
1424 1776 1531 1821 ferre,

149 1849 185 1881 25
206 1837 374 1876 tribuere
395 1839 512 1877 etiam
533 1840 681 1890 aliquid
703 1842 870 1879 benefici
892 1849 929 1880 et
950 1841 1121 1879 honoris.
1179 1842 1217 1878 Is
1238 1840 1352 1889 igitur
1373 1839 1531 1887 Gavius,

204 1916 294 1940 cum
322 1905 524 1953 Apameae
555 1919 617 1944 me
648 1920 771 1955 nuper
792 1906 952 1945 vidisset
984 1909 1154 1944 Romam
1184 1905 1447 1955 proficiscens,
1470 1919 1533 1943 me

204 1966 257 2004 ita
294 1969 504 2017 appellavit
539 1975 585 2006 ut
621 1971 843 2009 Culleolum
877 1971 938 2008 vix
973 1973 1170 2017 auderem,
1207 1972 1368 2009 ‘Vnde'
1407 1970 1534 2020 inquit

206 2034 214 2050 ‘
228 2045 291 2070 me
312 2033 423 2071 iubes
444 2042 575 2084 petere
597 2035 741 2073 cibaria
762 2036 946 2085 praefecti
961 2038 997 2074 ?’
1041 2036 1247 2086 Respondi
1268 2036 1392 2074 lenius
1414 2049 1532 2085 quam

247 2159 266 2187 5
293 2149 468 2180 Matinium
491 2150 677 2181 Corradus:
705 2151 851 2181 Manium
873 2150 1058 2182 CM¹W02
1089 2151 1131 2183 M.
1156 2152 1227 2182 M’s
1328 2164 1366 2182 10
1390 2151 1473 2192 quo]
1491 2162 1532 2182 eo

206 2191 344 2221 Vrsinus
417 2204 454 2222 12
479 2194 547 2223 Aut
566 2194 724 2232 Scaptius
747 2195 808 2225 W:
839 2196 993 2233 Scaptius
1010 2195 1070 2226 M:
1095 2196 1234 2235 Scaptio
1252 2195 1345 2227 Man.
1366 2208 1372 2226 t
1397 2197 1492 2226 alteri
1511 2207 1529 2226 e

203 2235 350 2274 Scaptiis
369 2235 508 2276 Madvig
621 2239 658 2267 18
683 2238 868 2277 Apameam
887 2239 1008 2268 M211':
1035 2250 1154 2278 apame
1173 2239 1225 2268 M¹
1245 2252 1251 2270 z
1278 2240 1428 2278 Apamea
1446 2240 1524 2270 conf.

207 2277 394 2316 llzsenbmsg
534 2291 574 2319 25
600 2281 723 2320 aliquid
754 2282 896 2312 benefici
926 2282 1017 2313 H'N:
1051 2283 1194 2313 benefici
1220 2283 1343 2322 aliquid
1369 2283 1528 2313 HOPMs

202 2321 329 2352 Gavius
360 2321 577 2363 lVLOnargs)
603 2323 676 2354 ΖΜ
716 2325 822 2355 Gaius
857 2325 961 2357 MEO
1157 2338 1196 2366 27
1223 2333 1257 2357 ut
1284 2327 1359 2358 add.
1381 2327 1527 2357 Scln'itz:

201 2365 391 2396 Culleolum
417 2367 474 2396 vix
501 2368 660 2398 auderem
689 2369 722 2398 in
744 2370 931 2408 parenthesi
951 2373 1020 2401 vett.
1192 2371 1233 2400 28
1258 2371 1418 2410 praefecti
1446 2368 1527 2400 WZl

201 2407 227 2437 L
250 2411 386 2450 Ἵππυς.)
407 2421 414 2440 ;
439 2411 590 2449 profecto
608 2416 661 2442 ΣΔ
681 2411 767 2443 Crat.
