1773 2651
152 188 247 225 VII.
271 187 316 224 iii
660 187 713 223 M.
747 186 914 223 TVLLI
947 185 1254 224 CICERONIS

230 835 265 862 11

221 1416 264 1442 12

283 299 448 337 fabellae
470 306 628 348 propter
648 297 881 347 elegantiam
905 296 1097 335 sermonis
1118 296 1357 346 putabantur
1376 309 1399 333 a
1420 296 1464 334 C.
1481 296 1617 334 Laelio

283 363 410 410 scribi,

391 428 513 466 ‘Heri
543 428 691 478 aliquot
722 426 1008 465 adulescentuli
1038 425 1204 465 coiimus
1234 425 1274 463 in
1304 424 1509 472 Piraeum‚’

283 501 321 532 et
341 493 457 540 idem,

448 559 667 598 ‘Mercator
697 560 773 597 1106
802 558 986 604 addebat,
1019 565 1174 608 captam
1204 571 1225 596 e
1255 555 1403 595 Stinio)
1638 569 1655 601 5

285 625 405 672 Quod
442 624 473 662 si
512 625 647 674 δήμους
682 624 829 674 oppida
863 625 1045 661 volumus
1084 636 1180 669 esse,
1215 630 1294 660 tam
1334 629 1391 660 est
1425 621 1617 672 oppidum

284 690 450 727 Sunium
485 704 603 740 quam
641 690 809 728 Piraeus.
871 690 949 728 Sed
981 687 1169 738 quoniam
1199 686 1475 738 grammaticus
1505 701 1556 733 es,
1586 686 1617 725 si

285 755 360 792 1106
383 754 477 792 1111111
499 757 645 805 ζήτημα
665 753 905 804 persolveris,
931 767 1072 803 magna
1093 767 1156 791 me
1177 752 1357 791 molestia
1377 751 1560 790 liberaris.

340 821 411 857 Ille
434 820 528 857 mihi
550 820 694 858 litteras
715 820 882 857 blandas
898 818 1014 856 mittit
1033 833 1042 866 3
1073 817 1165 856 facit
1186 817 1291 856 idem
1305 831 1376 868 pro
1393 830 1441 855 eo
1456 817 1614 855 Balbus.

285 884 385 921 Mihi
407 893 556 922 eertum
578 893 635 923 est
655 885 705 922 ab
728 883 1005 922 honestissima
1019 882 1213 922 sententia
1226 882 1391 932 digitum
1409 895 1614 931 nusquam.
1639 898 1678 920 10

282 951 360 988 Sed
375 949 448 987 scis
464 950 517 987 illi
539 950 731 999 reliquum
749 956 941 998 quantum
963 948 1022 986 sit.
1082 950 1253 986 Putasne
1274 946 1389 996 igitur
1401 947 1617 985 verendum

282 1028 368 1052 esse
398 1028 447 1052 ne
475 1022 542 1052 aut
571 1015 716 1053 obiciat
747 1013 786 1052 id
816 1013 932 1051 nobis
961 1012 1113 1063 aliquis,
1146 1012 1175 1050 si
1206 1011 1439 1061 languidius,
1468 1019 1535 1050 aut
1565 1025 1618 1049 re-

282 1087 398 1130 petat,
441 1079 471 1117 si
511 1080 676 1118 fortius?
744 1078 853 1127 Quid
891 1079 941 1116 ad
981 1079 1080 1116 haec
1118 1076 1294 1128 reperis?
1367 1077 1618 1115 ‘Solvamus'

282 1143 423 1194 inquis.
483 1147 577 1194 Age,
601 1159 623 1182 a
644 1143 781 1183 Caelio
811 1142 1089 1181 mutuabimur.
1151 1144 1244 1180 Hoc
1274 1149 1315 1180 tu
1340 1149 1472 1179 tamen
1493 1141 1618 1180 601151-

282 1210 396 1247 (16165
417 1209 531 1247 velim
551 1224 557 1251 ;
588 1218 684 1259 puto
713 1208 831 1255 enim,
854 1208 893 1246 in
923 1216 1061 1246 senatu
1089 1207 1120 1245 si
1147 1208 1309 1257 quando
1329 1208 1525 1257 praeclare
1546 1221 1615 1257 pro
1639 1223 1675 1254 15

284 1289 324 1313 re
358 1274 515 1324 publiea
546 1274 691 1319 dixero,
726 1273 968 1311 Tartessium
1008 1273 1127 1310 istum
1162 1280 1273 1310 tuum
1313 1271 1408 1309 mihi
1446 1272 1615 1320 exeunti,

287 1340 413 1378 ‘Iube
434 1341 550 1377 sodes
571 1352 756 1377 nummos
777 1339 935 1376 curare.’

339 1404 448 1453 Quid
470 1405 678 1454 superest?
736 1403 876 1441 Etiam.
937 1404 1070 1441 Gener
1089 1409 1148 1441 est
1176 1402 1305 1440 suavis
1327 1402 1433 1448 mihi,
1449 1402 1614 1449 Tulliae,

283 1469 501 1508 Terentiae.
562 1468 826 1519 Quantumvis
848 1470 907 1506 vel
929 1468 1060 1517 ingeni
1081 1469 1142 1506 vel
1162 1467 1427 1514 humanitatis,
1450 1468 1592 1508 †satis†
1607 1483 1617 1515 3

283 1535 442 1584 reliqua,
458 1548 559 1584 quae
580 1534 693 1581 nosti,
717 1534 887 1572 ferenda.
948 1532 1031 1571 Scis
1052 1532 1158 1571 enim
1179 1546 1279 1582 quos
1300 1532 1612 1583 †aperierimus†.
1637 1548 1677 1570 20

283 1600 364 1648 Qui
394 1613 532 1638 omnes
562 1607 713 1649 praeter
733 1612 823 1637 eum
845 1599 895 1636 de
919 1611 999 1647 quo
1029 1611 1097 1648 per
1126 1605 1164 1636 te
1189 1598 1350 1648 egimuS,
1374 1602 1532 1637 116111111-
1553 1612 1616 1637 1116

283 1667 466 1704 facerent.
538 1664 639 1715 Ipsis
678 1664 783 1702 enim
823 1677 1038 1713 expensum
1079 1677 1197 1701 nemo
1236 1665 1341 1701 feret.
1401 1665 1480 1702 Sed
1518 1665 1616 1702 haec

283 1744 444 1777 coram,
473 1744 565 1767 nam
596 1729 707 1767 multi
738 1728 929 1767 sermonis
959 1736 1059 1766 sunt.
1119 1728 1276 1767 Tironis
1305 1728 1506 1766 reficiendi
1527 1743 1615 1779 spes

283 1803 342 1834 est
372 1795 410 1832 in
443 1796 508 1832 Μ’.
538 1794 670 1840 Curio,
693 1793 755 1831 cui
785 1807 858 1843 ego
888 1793 1023 1842 scripsi
1054 1793 1124 1831 tibi
1154 1807 1245 1831 eum
1271 1793 1533 1843 gratissimum
1566 1795 1616 1832 sa-

283 1868 448 1898 cturum.
511 1861 613 1897 Data
634 1871 657 1895 v
680 1860 776 1897 Idus
800 1858 1008 1896 Decembr.
1030 1872 1052 1895 a
1076 1857 1217 1895 Pontio
1237 1872 1283 1896 ex
1303 1858 1540 1896 Trebulano.
1638 1872 1675 1903 25

327 1973 348 2002 3
374 1963 494 1993 Piraeo
522 1962 638 1993 codices
669 1962 793 1993 Terenti
817 1963 907 1993 Eun.
937 1973 1001 2001 539
1138 1973 1175 1993 12
1199 1966 1273 1992 ante
1300 1967 1433 2001 repetat
1460 1963 1532 1993 add.
1562 1963 1616 1993 ille

283 2007 416 2038 Ernesti
549 2017 585 2045 17
611 2016 729 2037 curare
756 2005 832 2036 M¹z
870 2007 931 2036 -ari
958 2006 1012 2035 Μ2
1150 2008 1187 2037 18
1212 2006 1300 2044 Quid
1327 2006 1514 2036 Corradus:
1550 2007 1616 2045 Qui

282 2050 397 2081 codd:
433 2051 532 2088 Quod
560 2050 646 2080 Crat.
830 2061 868 2089 19
892 2050 990 2080 satis]
1015 2050 1098 2081 satis
1125 2055 1177 2081 est
1203 2049 1411 2079 Mommsen:
1447 2050 1617 2080 comitatis

283 2094 366 2125 satis
385 2093 435 2134 (cf.
456 2094 497 2123 vi.
518 2095 548 2123 6.
574 2096 603 2131 1)
621 2095 671 2124 vel
687 2094 767 2124 satis
793 2094 967 2132 dignitatis
984 2092 1158 2124 Lehmann
1176 2105 1182 2124 z
1197 2093 1280 2132 sort.
1302 2094 1343 2123 sit
1361 2094 1442 2124 satis
1575 2104 1618 2123 20

282 2148 368 2177 quos
385 2138 619 2176 aperuerimus
636 2137 717 2168 Ant.
737 2136 782 2167 Ο2
801 2138 901 2167 Rom.
915 2136 935 2166 I
950 2137 1091 2176 Tyrrcll:
1113 2147 1199 2176 quos
1216 2137 1459 2176 appetierimus
1473 2137 1617 2166 Momm-

283 2192 339 2211 sen
354 2192 360 2210 :
386 2181 441 2220 qui
459 2190 521 2211 nos
538 2180 746 2220 appetierint
762 2180 879 2211 Goetz:
903 2190 988 2219 quos
1005 2181 1227 2211 abiecerimus
1245 2180 1330 2210 Reid
1438 2191 1476 2210 21
1505 2179 1615 2220 reum]

285 2234 355 2254 rem
371 2223 493 2254 Rosius
507 2235 513 2254 ε
529 2224 610 2263 fort.
625 2234 694 2254 rem
710 2235 728 2254 a
749 2226 782 2257 {fu
800 2235 837 2253 ex
854 2234 870 2253 a
889 2224 1015 2264 aperta)
1108 2234 1148 2254 22
1173 2223 1324 2254 facerent
1340 2223 1407 2253 ΝΟ
1424 2223 1456 2252 Ρ
1470 2222 1615 2253 Momm-

283 2277 359 2297 sen:
391 2267 502 2298 facere
532 2272 648 2297 rentur
666 2272 714 2297 A:
748 2267 940 2298 sacerentur
966 2266 1010 2297 0²
1109 2266 1195 2297 seret
1218 2265 1270 2297 N:
1305 2267 1411 2297 ferret
1434 2266 1516 2297 Ant.
1539 2265 1621 2297 011³

285 2310 461 2341 Lehmann
475 2322 481 2340 :
507 2311 627 2341 offeret
651 2315 678 2341 Δ
