1732 2661
116 160 202 199 II.i
554 163 609 199 M.
642 163 810 199 TVLLI
842 163 1148 200 CICERONIS

183 273 294 318 Cato,
327 273 501 311 adsensit
531 281 714 319 senatus:
743 273 894 322 equites
926 273 1056 311 curiae
1087 274 1249 319 bellum,
1280 286 1361 310 non
1394 271 1514 319 mihi3

184 351 273 374 nam
296 351 368 386 ego
390 337 566 375 dissensi.
628 337 736 386 Quid
758 337 1028 386 impudentius
1049 337 1270 387 publicanis
1291 336 1512 375 renuntian-

182 401 315 439 tibus?
349 401 420 439 suit
450 410 582 439 tamen
609 401 803 439 retinendi
832 401 980 440 ordinis
1001 415 1118 440 causa
1147 401 1328 439 facienda
1354 401 1509 439 iactura.

184 466 344 503 Restitit
374 474 412 504 et
446 466 609 515 pervicit
636 467 747 504 Cato.
809 468 952 516 Itaque
978 480 1087 506 nunc
1114 468 1278 506 consule
1298 466 1338 504 in
1359 480 1513 505 carcerc

183 531 345 577 incluso,
387 545 504 580 saepe
548 531 641 568 item
680 530 874 569 seditione
915 540 1126 578 commota,
1172 531 1355 581 aspiravit
1395 545 1512 569 nemo

183 610 317 634 eorum
340 610 508 645 quorum
538 609 610 645 ego
641 610 834 634 concursu
865 596 1038 646 itemque
1068 596 1093 634 ii
1121 598 1302 635 consules
1327 595 1394 646 qui
1424 603 1513 645 post

183 675 245 698 me
293 662 449 698 suerunt
497 675 578 699 rem
619 661 818 710 publicam
858 662 1071 699 defendere
1110 662 1300 700 solebant.
1382 661 1512 709 ‘Quid

181 728 301 774 ergo?
350 726 465 763 istos’
504 726 658 775 inquies
701 728 907 764 ‘mercede
955 727 1175 765 conductos
1223 725 1512 764 habebimus?⁷

181 790 289 838 Quid
320 790 518 836 faciemus,
543 790 574 828 si
594 790 705 828 aliter
725 804 805 828 non
833 793 1072 841 possumus?
1100 804 1150 828 an
1174 790 1365 829 libertinis
1394 798 1512 840 atque

180 854 298 892 etiam
319 855 438 892 servis
459 855 702 893 serviamus?
759 857 851 903 Sed,
872 864 914 894 ut
935 864 976 894 tu
997 856 1063 903 ais,
1087 858 1170 897 ἅλις
1189 856 1361 905 σπουδῆς.

132 931 160 967 9
236 919 432 958 Favonius
454 933 583 958 meam
601 920 747 958 tribum
764 920 851 958 tulit
868 920 1071 958 honestius
1088 934 1207 970 quam
1225 934 1346 967 suam,
1366 920 1513 959 Luccei

180 984 360 1033 perdidit.
420 984 632 1022 Accusavit
654 985 840 1022 Nasicam
861 985 1070 1024 inhoneste
1090 999 1136 1023 ac
1156 987 1335 1024 modeste
1356 994 1513 1034 tamen;

180 1049 277 1087 dixit
308 1049 360 1088 ita
394 1057 435 1087 ut
472 1049 606 1088 Rhodi
641 1049 838 1088 videretur
876 1050 990 1088 molis
1029 1050 1159 1100 potius
1199 1064 1317 1100 quam
1358 1050 1513 1089 Moloni

181 1128 341 1165 operam
363 1115 528 1153 dedisse.
588 1115 690 1153 Mihi
711 1117 819 1164 quod
840 1115 1105 1154 defendissem
1126 1115 1261 1154 leviter
1281 1115 1509 1154 suscensuit.

184 1182 302 1218 Nunc
337 1187 469 1218 tamen
503 1180 601 1230 petit
633 1180 773 1219 iterum
812 1179 865 1218 rei
906 1180 1088 1230 publicae
1120 1194 1248 1218 causa.
1320 1180 1512 1219 Lucceius

184 1245 280 1295 quid
306 1252 394 1295 agat
420 1244 587 1283 scribam
618 1246 668 1283 ad
701 1253 738 1283 te
771 1259 861 1283 cum
891 1246 1100 1284 Caesarem
1124 1244 1272 1292 videro,
1295 1244 1362 1294 qui
1389 1244 1514 1283 aderit

117 1319 161 1346 10
183 1310 317 1348 biduo.
367 1312 487 1359 Quod
509 1310 680 1360 Sicyonii
702 1318 739 1349 te
760 1312 931 1357 laedunt,
959 1309 1102 1350 Catoni
1122 1317 1160 1348 et
1181 1310 1264 1349 eius
1284 1309 1513 1349 aemulatori

182 1374 360 1413 attribuis
383 1375 554 1413 Servilio.
617 1375 756 1424 Quid?
785 1389 830 1413 ea
857 1376 971 1425 plaga
995 1388 1128 1413 nonne
1148 1376 1199 1413 ad
1221 1376 1365 1413 multos
1387 1375 1513 1413 bonos

182 1438 283 1477 viros
316 1439 514 1489 pertinet?
582 1441 660 1478 Sed
692 1439 723 1478 si
758 1440 811 1478 ita
845 1439 1000 1490 placuit,
1038 1441 1255 1488 laudemus,
1289 1438 1435 1478 deinde
1474 1439 1511 1479 in

182 1503 496 1542 dissensionibus
518 1504 590 1542 soli
612 1504 908 1554 relinquamur?

128 1580 163 1606 11
237 1570 447 1607 Amalthea
472 1583 559 1607 mea
586 1577 623 1608 te
651 1577 850 1619 exspectat
875 1577 912 1608 et
937 1569 1086 1620 indiget
1117 1569 1182 1608 tui.
1242 1571 1512 1608 Tusculanum

182 1640 220 1670 et
256 1633 542 1683 Pompeianum
573 1636 687 1672 valde
720 1648 783 1673 me
814 1635 1025 1682 delectant,
1056 1634 1129 1672 nisi
1161 1636 1269 1684 quod
1300 1649 1373 1681 me,
1404 1635 1513 1673 illum

182 1696 311 1748 ipsum
346 1698 543 1736 vindicem
573 1699 671 1737 aeris
701 1699 828 1745 alieni,
858 1713 946 1738 aere
982 1714 1062 1738 non
1095 1700 1302 1739 Corinthio
1338 1702 1407 1739 sed
1438 1702 1514 1739 hoc

183 1763 493 1801 circumforaneo
518 1764 743 1802 obruerunt.
805 1766 853 1802 In
882 1764 1009 1803 Gallia
1034 1778 1235 1814 speramus
1263 1778 1346 1803 esse
1377 1765 1512 1803 otium.

184 1828 440 1878 Prognostica
470 1842 557 1867 mea
584 1842 674 1867 cum
705 1829 958 1868 oratiunculis
985 1844 1105 1880 prope
1133 1829 1238 1868 diem
1267 1838 1448 1880 exspecta
1477 1839 1515 1869 et

185 1902 316 1931 tamen
347 1893 442 1943 quid
472 1893 618 1943 cogites
649 1895 699 1933 de
728 1896 900 1933 adventu
929 1903 997 1934 tuo
1029 1895 1154 1933 scribe
1185 1895 1236 1933 ad
1268 1908 1350 1933 nos,
1411 1897 1514 1933 Nam

185 1958 281 1996 mihi
315 1958 534 2008 Pomponia
565 1959 734 1997 nuntiari
767 1959 877 1998 iussit
918 1968 955 1998 te
995 1974 1130 1998 mense
1161 1959 1328 2008 Quintili
1362 1962 1515 1999 Romae

185 2025 276 2062 fore.
348 2024 396 2061 Id
423 2037 445 2060 a
470 2023 545 2061 tuis
574 2023 709 2062 litteris
735 2038 832 2074 quas
860 2026 910 2063 ad
940 2039 1002 2063 me
1032 2026 1082 2063 de
1110 2038 1230 2063 censu
1258 2032 1326 2062 tuo
1356 2024 1516 2063 miseras

184 2089 440 2137 discrepabat.

123 2167 165 2194 12
241 2156 393 2199 Paetus,
426 2161 467 2191 ut
497 2162 612 2193 antea
638 2156 689 2193 ad
722 2163 759 2193 te
791 2155 936 2205 scripsi,
967 2154 1095 2194 omnis
1128 2155 1246 2193 libros
1276 2168 1375 2204 quos
1403 2156 1517 2193 frater

232 2267 268 2286 12
293 2257 435 2287 honestss¹
454 2257 575 2287 Rinkes
663 2258 806 2289 moleste
831 2258 1021 2298 Alalaspina
1121 2262 1254 2293 tamen;
1288 2258 1371 2288 dixit
1396 2258 1453 2294 ita,
1481 2263 1516 2288 ut

185 2298 343 2339 Mada-113:
400 2306 511 2331 tamen
545 2301 642 2338 dixit,
676 2302 722 2332 ita
751 2307 786 2332 ut
817 2302 903 2342 vulg.
1056 2302 1094 2331 18
1132 2301 1294 2331 attribues
1330 2300 1519 2340 Wesenbeng

185 2342 351 2374 Servilio?
379 2344 496 2374 malim
598 2355 636 2383 19
653 2344 697 2384 si]
715 2350 754 2375 st.
767 2344 859 2383 Booty
879 2344 1226 2375 sedlzaecinteriectioa
1238 2344 1382 2374 Cicerone
1391 2344 1515 2374 abiudzss

185 2387 288 2416 canda
312 2391 358 2416 cst
454 2397 495 2417 20
521 2387 784 2418 discessionibus
802 2387 894 2418 Man.
1033 2389 1075 2418 26
1099 2389 1235 2418 tandem
1252 2387 1390 2417 Starker
1475 2387 1517 2416 28

185 2440 287 2460 censu
306 2425 374 2460 Ζ’”Σ
392 2441 397 2459 ;
422 2441 566 2460 accensu
585 2431 634 2460 vel
648 2441 785 2461 accessu
805 2436 831 2460 Δ

1536 871 1573 893 10

1535 1521 1575 1542 20

1537 2171 1577 2201 30
