1732 2661
192 180 244 216 II.
269 180 345 215 xix
618 181 673 216 M.
705 181 872 216 TVLLI
905 180 1212 218 CICERONIS

260 303 384 339 posse.
450 290 569 328 Dices
609 291 795 328 fortasse:
841 290 1075 339 ‘Dignitatis
1116 292 1197 331 ἅλις
1237 298 1436 339 tamquam
1477 292 1592 340 δρυός,

259 355 384 402 saluti,
407 355 438 393 si
466 369 530 393 me
556 369 674 401 amas,
697 356 884 393 consule.'
941 357 1011 393 Me
1038 355 1223 393 miserum
1242 358 1247 392 ἓ
1278 369 1346 392 cur
1366 369 1446 393 non
1466 357 1593 394 ades?

263 419 359 457 nihil
398 421 576 470 profecto
615 426 653 457 te
692 419 925 469 praeteriret.
987 421 1073 469 Ego
1111 421 1273 457 fortasse
1311 421 1516 468 τυφλώττω
1553 428 1592 458 et

215 495 238 521 2
259 484 424 522 nimium
453 503 502 536 τιιι
539 486 641 536 καλῷ
665 484 945 534 προσπέπονθα.
1005 484 1112 522 Scito
1142 484 1239 521 nihil
1264 498 1453 534 umquam
1473 484 1591 522 fuisse

259 556 338 586 tam
367 548 523 595 infame,
557 557 635 587 tam
669 557 791 599 turpe,
823 556 903 586 tam
935 562 1130 598 peraeque
1155 549 1340 587 omnibus
1370 549 1589 598 generibus,
1611 564 1629 595 5

256 613 472 660 ordinibus,
496 614 690 652 aetatibus
720 615 914 652 offensum
942 627 1062 663 quam
1087 615 1193 651 hunc
1220 621 1364 651 statum
1394 613 1461 663 qui
1485 627 1592 652 nunc

255 686 325 724 est,
344 678 466 728 magis
484 692 546 716 me
562 680 721 716 hercule
738 692 856 728 quam
870 678 1011 716 vellem
1028 692 1109 715 non
1126 679 1248 716 modo
1265 692 1382 727 quam
1400 686 1588 728 putarem.

258 745 472 793 Populares
504 743 565 780 isti
598 743 673 780 iam
705 742 822 780 etiarn
855 743 1057 780 modestos
1084 742 1266 780 homines
1287 742 1442 780 sibilare
1472 744 1591 781 docu-

255 816 378 846 erunt.
431 808 596 846 Bibulus
618 807 656 845 in
678 809 787 845 caelo
808 815 866 846 est
887 821 960 845 nec
982 821 1060 856 qua
1080 821 1119 845 re
1140 807 1236 855 scio,
1253 808 1322 845 secl
1343 807 1395 844 ita
1411 809 1591 846 laudatur

256 872 368 922 quasi
1612 892 1651 914 10

407 940 543 976 ‘Vnus
573 940 694 976 homo
724 938 840 975 nobis
871 939 1097 975 cunctando
1126 937 1292 975 restituit
1322 939 1428 975 rem.'

311 1003 533 1053 Pompeius,
563 1003 685 1041 nostri
715 1016 882 1049 amores,
911 1003 1019 1051 quod
1048 1001 1143 1039 mihi
1176 1015 1333 1039 summo
1360 1002 1486 1040 dolori
1518 1011 1586 1051 est,

255 1068 338 1118 ipse
364 1082 405 1106 se
431 1068 590 1106 adflixit.
651 1067 863 1105 Neminem
895 1074 1031 1105 tenent
1058 1068 1283 1113 voluntate3
1317 1081 1366 1105 ne
1397 1075 1505 1107 metu
1525 1082 1589 1107 ne-

254 1147 364 1172 cesse
388 1133 436 1171 sit
464 1133 509 1170 iis
540 1132 597 1171 uti
625 1146 770 1170 vereor.
833 1134 918 1182 Ego
938 1139 1071 1169 autem
1093 1145 1222 1181 neque
1247 1145 1380 1181 pugno
1405 1145 1495 1169 cum
1524 1132 1589 1171 illa

254 1212 372 1237 causa
410 1206 567 1248 propter
601 1197 705 1235 illam
741 1196 954 1234 amicitiam
989 1210 1119 1246 neque
1149 1197 1339 1246 approbo,
1374 1211 1423 1234 ne
1456 1197 1588 1235 onmia
1612 1213 1647 1243 15

212 1264 475 1314 3improbem
516 1276 616 1312 quae
654 1270 770 1300 antea
808 1260 937 1311 gessi3
985 1268 1073 1298 utor
1110 1261 1181 1298 via.
1261 1261 1401 1310 Populi
1450 1275 1587 1300 sensus

255 1329 424 1367 maxime
445 1330 597 1367 theatro
623 1336 659 1366 et
688 1326 921 1377 spectaculis
953 1334 1181 1376 perspectus
1210 1333 1295 1371 est;
1325 1340 1416 1364 nam
1446 1327 1588 1376 gladia-

255 1399 404 1438 toribus
434 1412 512 1448 qua
541 1398 726 1436 dominus
755 1411 834 1447 qua
866 1396 1047 1434 advocati
1078 1396 1201 1434 sibilis
1233 1396 1445 1443 conscissi3
1486 1396 1587 1435 ludis

255 1464 550 1514 Apollinaribus
587 1463 771 1513 Diphilus
811 1463 1020 1512 tragoedus
1060 1461 1099 1499 in
1140 1469 1316 1499 nostrum
1353 1461 1586 1511 Pompeium

255 1531 474 1580 petulanter
503 1528 679 1566 invectus
711 1535 792 1565 cst:
1610 1539 1650 1560 20

528 1592 698 1631 ‘Nostra
728 1592 883 1630 miseria
912 1599 953 1629 tu
984 1606 1025 1630 es
1056 1593 1296 1641 magnus—'

256 1659 409 1698 miliens
430 1666 589 1697 coactus
610 1665 667 1696 est
688 1657 819 1695 dicere
838 1672 846 1703 3

312 1714 515 1762 ‘Eandem
545 1723 726 1761 virtutem
757 1723 870 1760 istam
901 1722 1031 1760 veniet
1061 1722 1216 1772 te'mpus
1246 1735 1336 1760 cum
1370 1720 1534 1771 graviter

415 1802 548 1838 gemes
566 1789 572 1804 ’

255 1854 374 1893 totius
401 1852 541 1892 theatri
570 1854 741 1890 clamore
770 1851 867 1890 dixit
897 1851 1071 1901 itemque
1102 1858 1240 1889 cetera.
1301 1852 1405 1888 Nam
1435 1858 1473 1889 et
1503 1850 1585 1888 eius
1608 1864 1645 1897 ²5

256 1918 365 1957 modi
385 1925 476 1956 sunt
497 1917 521 1955 ii
541 1930 674 1955 versus
695 1916 750 1954 uti
772 1915 811 1953 in
833 1923 988 1966 tempus
1009 1916 1059 1954 ab
1082 1915 1242 1953 inimico
1268 1914 1433 1965 Pompei
1454 1914 1585 1965 scripti

255 1998 340 2023 esse
361 1983 566 2022 videantur
585 1998 592 2020 z

433 2048 497 2086 ‘Si
527 2061 656 2097 neque
686 2049 790 2097 leges
820 2060 949 2096 neque
979 2059 1107 2085 mores
1137 2047 1371 2096 cogunt—',

256 2121 295 2153 et
315 2121 443 2153 cetera
464 2126 606 2163 magno
627 2126 717 2150 cum
739 2111 895 2149 fremitu
916 2118 954 2149 et
975 2112 1146 2149 clamore
1166 2118 1256 2148 sunt
1276 2110 1391 2148 dicta.
1443 2111 1586 2148 Caesar

256 2193 347 2218 cum
386 2178 555 2217 venisset
595 2185 749 2216 mortuo
788 2178 939 2226 plausu,
982 2176 1102 2215 Curio
1141 2175 1242 2213 filius
1281 2183 1338 2213 est
1373 2175 1581 2213 insecutus.
1606 2191 1646 2221 50

301 2292 320 2321 5
344 2292 514 2321 peraeque
534 2281 575 2311 C:
610 2281 770 2319 peraequi
795 2279 856 2310 Zl:
892 2280 933 2309 de
961 2289 1063 2318 reque
1091 2277 1163 2310 M¹z
1191 2279 1232 2308 de
1259 2288 1295 2308 re
1322 2289 1409 2317 quae
1436 2278 1494 2308 H:
1529 2279 1585 2308 de-

259 2326 359 2364 nique
376 2324 594 2355 EN02PM²s
762 2333 779 2362 7
805 2328 961 2362 putaram
978 2322 1090 2352 Aldus
1233 2331 1265 2350 11
1294 2322 1450 2352 restituat
1468 2321 1584 2351 Lamb.

261 2379 300 2398 12
323 2378 456 2398 amores
482 2368 523 2398 C:
561 2377 675 2398 amore
703 2364 744 2395 M
882 2376 921 2405 13
944 2370 1039 2396 tenet
1060 2365 1182 2396 Scltz'itz
1315 2367 1353 2395 16
1377 2365 1487 2395 media
1511 2368 1586 2394 utor

258 2413 311 2441 via
328 2412 404 2442 coni.
429 2411 616 2451 lVescnberg
738 2420 779 2448 24
803 2419 919 2449 gemas
936 2408 1050 2440 codices
1068 2408 1178 2440 Valeri
1190 2406 1282 2438 Max.
1303 2408 1344 2439 vi.
1365 2418 1393 2438 2.
1413 2418 1434 2447 9
1543 2416 1585 2446 25

260 2459 294 2485 et
310 2454 368 2485 del.
385 2454 504 2485 Lamb.
