1773 2651
153 181 221 218 IV.
244 181 272 216 ii
642 182 696 217 M.
729 181 897 217 TVLLI
930 181 1238 219 CICERONIS

272 291 422 341 aliquid
439 292 638 330 autetiam
662 292 691 330 si
713 305 931 341 numquam
948 292 1042 330 alias
1059 292 1214 338 fuimus,
1234 299 1317 330 tum
1339 294 1515 342 profecto
1536 303 1604 332 cto-

273 356 363 394 loris
388 356 620 407 magnitudo
640 356 718 394 Vim
740 357 941 405 quandam
963 356 1078 394 nobis
1099 356 1258 394 dicendi
1279 356 1399 394 dedit.
1463 358 1603 406 Itaque

274 421 399 459 oratio
412 421 604 460 iuventuti
622 428 777 459 nostrae
791 420 927 458 deberi
941 434 1021 459 non
1035 428 1179 471 potest;
1208 434 1327 470 quam
1342 421 1423 468 tibi,
1440 421 1558 459 etiam
1572 421 1603 459 si

232 501 256 538 3
275 501 354 525 non
369 487 580 533 desideras,
597 495 728 525 tamen
746 486 898 524 mittam
913 486 1001 525 cito.
1036 488 1139 526 Cum
1155 487 1362 537 pontifices
1379 488 1604 525 decressent

274 552 336 598 ita,
361 553 401 590 SI
429 564 569 597 NEQVE
599 563 743 589 POPVLI
778 563 890 589 IVSSV
920 563 1060 596 NEQVE
1089 563 1228 589 PLEssrs
1261 564 1377 589 SCITV
1403 563 1438 589 Is
1463 563 1531 596 QVI
1558 563 1603 589 SE

274 628 500 655 DEDICASSE
531 628 713 654 DICERET
744 628 991 653 NOMINATIM
1023 628 1064 653 EI
1096 628 1165 654 REI
1199 628 1460 654 PRAEFECTVS
1483 628 1605 654 ESSET

274 694 413 726 NEQVE
447 693 591 719 POPVLI
627 693 739 719 Ivssv
771 693 850 718 AVT
884 692 1023 718 PLEBIS
1056 693 1172 719 SCITV
1203 693 1246 718 ID
1278 693 1439 719 FACERE
1470 693 1604 719 Ivssvs

276 758 397 784 ESSET
418 758 575 793 VIDERI,
609 757 730 783 POSSE
761 758 855 783 SINE
886 757 1117 784 RELIGIONE
1147 758 1234 783 EAM
1267 758 1435 783 PARTEM
1467 758 1606 783 AREAE

275 823 373 849 MIH1
406 823 608 857 RESTITVI,
628 810 723 847 mihi
745 812 846 848 facta
868 809 998 848 statim
1020 818 1077 848 est
1097 810 1328 860 gratulati03
1359 824 1478 849 nemo
1499 810 1603 848 enim

273 876 481 915 dubitabat
511 874 607 925 quin
639 876 781 913 domus
809 874 924 913 nobis
952 882 1053 912 esset
1074 874 1321 913 adiudicata:
1352 888 1443 913 cum
1474 874 1605 913 subito

274 942 338 980 ille
359 941 397 979 in
419 941 647 979 contionem
670 940 847 979 escendit
872 954 990 990 quam
1017 940 1170 990 Appius
1195 940 1229 978 ei
1257 939 1377 978 dedit.
1439 939 1605 978 Nuntiat

275 1007 351 1045 iam
373 1008 523 1057 populo
544 1006 752 1056 pontifices
773 1007 994 1044 secundum
1017 1019 1058 1043 se
1079 1005 1308 1051 decrevisse,
1333 1018 1396 1043 me
1416 1012 1548 1042 autem
1568 1004 1605 1042 vi

273 1072 405 1111 conari
436 1071 474 1109 in
506 1071 796 1122 possessionem
826 1070 958 1109 venire
974 1085 983 1117 3
1017 1071 1192 1108 hortatur
1220 1078 1262 1108 ut
1292 1083 1333 1108 se
1363 1077 1401 1108 et
1430 1069 1605 1120 Appium

274 1145 488 1188 sequantur
526 1145 564 1175 et
603 1150 714 1175 suam
755 1136 996 1175 Libertatem
1031 1135 1067 1173 vi
1102 1136 1328 1174 defendant.
1400 1134 1480 1173 Hic
1515 1148 1605 1172 cum

274 1203 391 1241 etiam
434 1202 487 1240 illi
528 1201 653 1239 infimi
697 1201 837 1252 partim
876 1200 1171 1247 admirarentur,
1212 1199 1352 1250 partim
1393 1199 1606 1238 inriderent

275 1267 446 1306 hominis
477 1267 703 1313 amentiam,
733 1280 806 1316 ego
837 1273 1047 1304 statuerem
1078 1265 1169 1303 illuc
1200 1279 1280 1304 non
1312 1265 1501 1303 accedere
1532 1264 1606 1302 nisi

275 1347 366 1371 cum
401 1334 583 1371 consules
617 1346 664 1370 ex
702 1339 860 1369 senatus
892 1332 1075 1369 consulto
1106 1330 1301 1380 porticum
1337 1329 1468 1369 Catuli
1503 1329 1607 1368 resti-

277 1399 466 1437 tuendam
496 1399 702 1444 locassent,
728 1398 816 1434 Kal.
841 1396 1002 1435 Octobr.
1033 1396 1198 1434 habetur
1222 1403 1381 1433 senatus
1410 1397 1604 1445 frequens.

232 1472 259 1510 4
278 1463 530 1502 Adhibentur
559 1476 697 1500 omnes
726 1461 933 1512 pontifices
960 1460 1027 1511 qui
1054 1468 1163 1499 erant
1192 1468 1401 1499 senatores.
1460 1462 1497 1498 A
1526 1460 1608 1510 qui-

278 1529 351 1567 bus
392 1528 655 1574 Marcellinus,
697 1527 764 1577 qui
804 1534 884 1565 erat
922 1525 1200 1576 cupidissimus
1240 1525 1328 1572 mei,
1369 1525 1604 1564 sententiam

276 1594 424 1644 primus
454 1601 610 1643 rogatus
639 1592 830 1642 quaesivit
857 1591 953 1642 quid
975 1599 1106 1630 essent
1126 1591 1166 1628 in
1187 1592 1439 1629 decernendo
1469 1590 1603 1629 secuti.

276 1661 380 1697 Tum
399 1660 454 1696 M.
476 1659 663 1696 Lucullus
684 1659 734 1695 de
762 1656 941 1695 omnium
964 1658 1215 1706 conlegarum
1242 1655 1436 1694 sententia
1452 1669 1608 1705 respon-

276 1724 333 1763 dit
363 1723 559 1773 religionis
590 1722 739 1760 iudices
771 1722 978 1772 pontifices
1006 1721 1135 1768 fuisse,
1166 1721 1261 1770 legis
1288 1734 1373 1759 esse
1403 1728 1608 1767 senatum,

276 1803 317 1828 se
338 1796 376 1827 et
397 1790 580 1837 conlegas
606 1801 698 1825 suos
725 1788 775 1825 de
804 1786 991 1836 religione
1019 1786 1208 1832 statuisse,
1234 1785 1273 1823 in
1295 1793 1432 1823 senatu
1454 1786 1503 1823 de
1524 1787 1608 1834 lege

322 1899 333 1917 I
363 1896 534 1925 nunquam
561 1885 600 1915 I:
636 1896 782 1924 unquam
811 1884 897 1916 codd.
1066 1885 1192 1914 doloris
1229 1884 1425 1922 magnitudo
1452 1884 1472 1914 I
1496 1883 1606 1914 Rau:

276 1932 373 1962 dolor
397 1935 430 1960 et
455 1930 652 1968 magnitudo
677 1928 873 1959 NHO²M52
902 1928 1029 1958 doloris
1047 1933 1079 1958 et
1098 1928 1215 1967 (etiam
1233 1927 1278 1958 P,
1297 1927 1492 1966 magnitudo
1512 1926 1606 1958 0¹1³:

278 1976 373 2005 dolor
386 1979 418 2004 et
431 1974 478 2003 rei
496 1973 691 2012 magnitudo
706 1972 925 2002 Gulielmius:
950 1972 1046 2002 dolor
1071 1976 1105 2001 et
1129 1972 1325 2009 magnitudo
1350 1971 1404 2001 odi
1430 1970 1606 2000 Lehmann

278 2019 344 2049 coll.
372 2017 473 2047 Det'ol.
494 2027 535 2054 30
668 2025 688 2053 3
711 2017 825 2046 deberi
848 2014 944 2046 Visa:
973 2015 1097 2045 debere
1112 2014 1199 2045 codd.
1322 2024 1341 2053 5
1367 2024 1491 2044 POPVLI
1510 2024 1607 2045 Ivssv

277 2062 319 2092 I:
345 2062 512 2100 populuus
533 2060 595 2097 (vel
608 2060 764 2099 populus*
784 2059 872 2089 codd.
984 2060 1003 2088 8
1022 2069 1090 2089 EAM
1110 2063 1159 2087 A:
1185 2067 1248 2089 ιΑΜ
1266 2061 1289 2088 Σ
1393 2067 1508 2088 AREAE
1526 2067 1606 2088 MIHI

277 2106 389 2145 vulg:
428 2115 506 2134 arae
533 2104 598 2134 emi
623 2104 673 2133 vel
694 2113 771 2133 aree
801 2103 866 2132 emi
891 2102 940 2133 vel
960 2112 1039 2132 aree
1064 2101 1152 2132 codd.
1173 2113 1180 2132 z
1212 2111 1328 2131 AREAE
1355 2111 1389 2132 M.
1413 2111 1442 2132 T.
1468 2101 1608 2131 Vrsinus

281 2160 320 2179 10
359 2148 530 2178 dubitabat
565 2147 752 2177 Corradus:
794 2146 924 2176 dubitat
956 2145 1042 2176 codd.
1204 2156 1237 2175 II
1279 2145 1433 2175 ascendit
1464 2143 1606 2174 NO2'M2

278 2193 421 2222 Nuntiat
445 2192 509 2220 iarn
532 2191 655 2220 Romu:
697 2190 851 2220 nuntiant
879 2190 941 2219 iam
967 2188 1078 2219 codd.z
1104 2189 1282 2219 nuntiante
1302 2188 1449 2218 FAnt.:
1475 2188 1606 2218 nuntiat

277 2242 389 2266 tamen
408 2234 510 2264 Reid:
552 2234 683 2264 nuntiat
709 2233 800 2263 inani
822 2232 983 2271 (Rosius),
1009 2232 1059 2262 vel
1077 2232 1182 2262 hianti
1199 2231 1374 2272 [Palzucrl.
1399 2231 1448 2262 vel
1469 2231 1605 2261 miranti

278 2278 491 2313 (Miillercoll.
509 2278 527 2308 l.
546 2278 601 2315 15‘)
712 2287 748 2315 14
766 2276 796 2305 vi
814 2274 1000 2306 Corradus:
1020 2280 1055 2304 ut
1067 2274 1157 2306 codd.
1252 2284 1288 2311 15
1306 2275 1410 2304 infimi
1423 2275 1462 2304 l:
1482 2275 1604 2304 infirmi

277 2322 365 2352 codd.
515 2323 552 2351 16
576 2324 760 2351 statuerem
787 2319 974 2349 Mentzner:
1015 2323 1199 2348 statueram
1225 2317 1310 2348 codd.
1339 2317 1526 2357 Lelmnum,
1541 2328 1604 2356 ego

280 2391 286 2396 .
303 2390 310 2396 .
334 2390 341 2396 .
361 2365 529 2395 locassent
546 2365 579 2393 in
593 2363 812 2403 parenthesim
830 2361 998 2391 includens
1102 2373 1144 2392 20
1181 2361 1237 2400 qui
1255 2366 1327 2391 erat
1345 2372 1411 2392 om.
1429 2364 1452 2392 Σ
1563 2371 1604 2399 23

278 2409 362 2447 legis
388 2419 464 2438 esse
493 2407 649 2446 Sejfferl:
686 2406 809 2445 legisse
836 2405 933 2436 0¹12:
958 2405 1041 2444 legis
1061 2404 1196 2435 O²NMs
1286 2415 1326 2443 24
1351 2405 1393 2435 de
1410 2405 1485 2443 lege
1502 2409 1603 2434 statu-

279 2457 372 2482 turos
396 2461 469 2481 cum
494 2455 624 2481 senatu.
675 2450 790 2489 Itaque
815 2458 875 2478 suo
899 2449 1042 2489 quisque
1068 2448 1114 2480 C:
1146 2453 1277 2479 statuos
1303 2448 1444 2488 &vel-es)
1460 2448 1604 2487 quisquo

279 2495 342 2535 (vel
358 2505 469 2534 >quam
503 2493 594 2524 codd.

1623 565 1639 595 tn

1629 885 1666 907 10

1630 1211 1665 1243 ¹5

1627 1537 1666 1558 20
