1773 2651
93 207 211 244 VIII.
236 206 282 242 ix
604 205 660 242 M.
693 203 863 241 TVLLI
895 202 1203 241 CICERONIS

243 316 325 367 ipse
356 318 407 355 ad
442 317 613 354 eundem
649 314 823 353 scribens
857 313 896 351 in
932 313 1092 364 publico
1130 312 1335 364 proposuit
1365 312 1574 362 epistulam

242 381 347 419 illam
380 381 419 419 in
448 395 526 431 qua
560 388 618 419 est
648 383 740 430 ‘pro
770 379 846 417 tuis
877 379 993 417 rebus
1024 378 1142 429 gestis
1175 377 1448 428 amplissimis'
1480 377 1575 427 (am-

242 446 484 497 plioribusne
505 460 624 496 quam
645 445 735 491 suis,
755 458 874 494 quam
892 443 1095 482 Africani?
1139 445 1200 482 Ita
1220 451 1375 493 tempus
1396 443 1573 491 ferebat),

241 512 273 550 si
293 511 454 562 quidem
481 512 599 550 etiam
627 524 696 548 vos
726 512 807 549 duo
837 511 933 548 tales
962 511 1013 548 ad
1040 509 1222 559 quintum
1250 508 1458 546 miliarium
1479 507 1575 557 quid

242 591 348 615 nunc
387 577 514 626 ipsum
554 577 604 614 de
643 589 684 613 se
723 574 937 624 recipienti,
972 574 1068 624 quid
1107 573 1247 623 agenti,
1281 573 1377 623 quid
1411 573 1612 615 acturo?5

244 643 406 690 Quanto
433 648 565 678 autem
596 640 762 678 ferocius
788 639 851 677 ille
875 653 1017 677 causae
1045 652 1137 676 suae
1167 639 1351 684 confidet,
1375 651 1466 676 cum
1493 651 1573 683 VOS,

243 720 334 744 cum
369 705 483 743 vestri
522 704 657 742 similis
697 718 777 742 non
816 705 939 742 modo
977 702 1190 753 frequentis
1229 704 1299 741 sed
1333 704 1436 740 laeto
1467 703 1576 740 vultu

243 770 470 821 gratulantis
496 769 658 808 viderit!
702 771 832 807 ‘Num
862 768 977 819 igitur
1002 769 1263 818 peccamus?⁷
1313 767 1481 805 Minime
1508 780 1577 804 vos

242 836 429 886 quidem3
472 836 541 874 sed
581 843 713 873 tamen
753 834 862 884 signa
900 834 1185 872 conturbantur
1218 832 1362 882 quibus
1396 834 1576 870 voluntas

241 916 264 939 a
285 901 534 939 simulatione
555 900 743 949 distingui
764 907 906 950 posset.
968 900 1082 948 Quae
1102 912 1193 936 vero
1214 906 1373 936 senatus
1397 899 1577 936 consulta
1602 909 1638 931 ¹0

244 967 390 1005 video?
437 968 514 1005 Sed
535 965 706 1016 apertius
727 979 846 1015 quam
868 977 1160 1014 proposueram.

201 1041 226 1078 3
301 1034 385 1082 Ego
407 1031 545 1081 Arpini
569 1032 660 1069 volo
690 1044 774 1068 esse
804 1029 928 1080 pridie
957 1031 1059 1076 Kal„
1082 1028 1227 1067 deinde
1255 1028 1402 1067 circum
1426 1028 1578 1066 villulas

245 1105 396 1135 nostras
426 1110 550 1134 errare
580 1110 677 1146 quas
704 1095 877 1134 visurum
906 1108 968 1133 me
998 1102 1135 1145 postea
1161 1093 1374 1144 desperavi.
1435 1096 1578 1146 Εὐγενῆ

243 1171 310 1201 tua
330 1161 493 1201 consilia
514 1169 551 1200 et
569 1169 699 1199 tamen
721 1174 791 1211 pro
808 1159 1052 1210 temporibus
1073 1173 1154 1198 non
1175 1159 1332 1197 incauta
1353 1157 1449 1196 mihi
1464 1160 1578 1197 valde

244 1228 468 1278 probantur.
526 1226 680 1276 Lepido
701 1225 862 1275 quidem
884 1224 993 1275 (nam
1014 1226 1093 1263 sere
1114 1225 1453 1274 συνδιημερεύομεν,
1469 1225 1577 1274 quod
1602 1236 1637 1268 ¹5

245 1292 507 1344 gratissimum
535 1291 589 1329 illi
616 1291 691 1341 est)
712 1304 931 1340 numquam
956 1289 1102 1340 placuit
1122 1304 1169 1328 ex
1191 1289 1304 1328 Italia
1327 1289 1441 1335 exire,
1459 1291 1578 1327 Tullo

246 1360 371 1397 multo
401 1357 540 1396 minus.
603 1357 752 1396 Crebro
784 1355 889 1395 enim
922 1355 1023 1393 illius
1054 1355 1203 1394 litterae
1231 1356 1282 1394 ab
1311 1354 1396 1393 aliis
1425 1355 1476 1393 ad
1505 1368 1578 1393 nos

246 1430 481 1462 commeant.
546 1423 624 1461 Sed
655 1435 718 1460 me
748 1421 903 1459 illorum
933 1420 1151 1459 sententiae
1181 1420 1311 1458 minus
1342 1420 1554 1458 movebant
1569 1434 1580 1467 3

247 1489 375 1527 minus
397 1489 519 1526 multa
535 1489 725 1526 dederant
747 1487 800 1525 illi
817 1486 870 1525 rei
887 1486 1069 1537 publicae
1090 1486 1262 1536 pignora.
1313 1487 1401 1524 Tua
1418 1499 1480 1523 me
1497 1486 1579 1523 her-

245 1556 332 1592 cule
363 1553 573 1592 auctoritas
605 1554 858 1591 vehementer
889 1559 1021 1590 movet
1037 1566 1046 1599 3
1084 1553 1210 1590 adfert
1239 1550 1344 1590 enim
1375 1558 1413 1589 et
1440 1550 1578 1600 reliqui
1601 1563 1639 1584 20

245 1618 432 1670 temporis
466 1617 709 1668 reciperandi
741 1617 933 1656 rationem
969 1625 1007 1656 et
1036 1616 1252 1667 praesentis
1292 1616 1439 1655 tuendi.
1499 1616 1579 1654 Sed

245 1685 410 1723 obsecro
449 1691 497 1731 te,
529 1683 625 1733 quid
665 1684 740 1721 hoc
780 1682 957 1721 miserius
992 1696 1111 1732 quam
1145 1683 1310 1720 alterum
1346 1683 1505 1731 plausus
1538 1680 1578 1718 in

245 1748 472 1787 foedissima
501 1762 619 1786 causa
648 1761 845 1797 quaerere,
871 1749 1036 1785 alterum
1064 1746 1302 1785 offensiones
1331 1745 1370 1783 in
1401 1745 1580 1795 optima?

246 1816 410 1852 alterum
445 1813 654 1852 existimari
684 1820 1000 1851 conservatorem
1030 1811 1289 1858 inimicorum,
1319 1813 1484 1849 alterum
1514 1811 1579 1849 de-

247 1887 435 1917 sertorem
476 1878 727 1917 amicorum?
785 1880 835 1916 Et
877 1892 939 1916 me
981 1878 1139 1915 hercule
1180 1875 1358 1926 quamvis
1398 1889 1578 1914 amemus
1600 1888 1637 1920 25

248 1946 429 1983 Gnaeum
469 1951 658 1991 nostrum,
687 1951 729 1981 ut
761 1951 799 1981 et
831 1943 995 1981 facimus
1030 1950 1069 1981 et
1100 1943 1302 1988 debemus,
1338 1949 1470 1979 tamen
1501 1941 1578 1978 hoc

248 2010 356 2059 quod
378 2008 519 2047 talibus
540 2008 629 2047 viris
651 2022 731 2047 non
753 2008 936 2047 subvenit
957 2009 1115 2046 laudare
1143 2021 1223 2045 non
1243 2020 1417 2056 possum.
1474 2007 1578 2043 Nam

248 2073 328 2112 sive
349 2073 491 2121 timuit,
505 2073 600 2123 quid
622 2073 827 2124 ignavius?
856 2072 946 2119 sive,
963 2079 1005 2110 ut
1027 2071 1188 2122 quidam
1209 2078 1362 2121 putant,
1376 2069 1579 2108 meliorem

248 2152 358 2176 suam
391 2152 549 2176 causam
584 2138 739 2177 illorum
773 2139 895 2176 caede
935 2139 1016 2175 fore
1050 2135 1210 2186 putavit,
1242 2135 1339 2185 quid
1370 2134 1580 2172 iniustius?

248 2204 326 2241 Sed
347 2204 444 2241 haec
465 2203 693 2241 omittamus
709 2218 718 2249 ;
746 2216 935 2253 augemus
956 2201 1062 2240 enim
1082 2202 1260 2240 dolorem
1281 2201 1540 2239 retractando.
1601 2213 1641 2243 30

292 2318 322 2345 4.
343 2317 362 2346 5
386 2308 465 2346 quid
499 2318 587 2337 nunc
620 2307 726 2346 ipsum
759 2307 801 2337 de
833 2317 870 2337 se
896 2306 1002 2336 Boot:
1040 2306 1130 2344 quod
1162 2305 1204 2335 ad
1239 2304 1294 2344 (ad
1326 2315 1391 2335 ont.
1424 2303 1463 2343 C)
1490 2313 1580 2333 nunc

251 2351 358 2390 ipsum
378 2352 466 2380 unde
494 2362 530 2381 se
557 2351 584 2380 C
602 2351 710 2382 codd.:
746 2361 812 2389 quo
835 2360 924 2380 nunc
947 2350 1055 2388 ipsum
1074 2349 1163 2378 unde
1189 2358 1226 2378 se
1253 2346 1442 2387 lVesenberg
1542 2357 1581 2376 10

252 2395 360 2442 possit
394 2394 522 2424 mavult
553 2393 676 2424 Mz'c'ller
889 2403 924 2432 17
951 2394 1060 2423 minus
1094 2391 1206 2422 CER:
1249 2392 1360 2422 minus
1399 2390 1580 2421 movebant

252 2447 360 2468 mmus
382 2443 408 2468 Δ
