1773 2651
173 561 189 592 5

158 887 195 909 10

160 1214 196 1245 15

160 1542 200 1563 20

602 176 713 213 EPP.
747 175 824 211 AD
854 173 1113 212 ATTICVM
1490 172 1536 208 V.
1559 169 1638 207 xxi

209 291 262 326 At
292 295 429 338 postea
459 287 564 325 venit
594 287 633 324 in
665 294 838 325 mentem
869 284 1176 324 faeneratoribus
1208 284 1303 322 nibil
1339 297 1379 322 se
1411 283 1542 321 iuvare

209 355 306 392 illud
340 361 497 391 senatus
529 354 765 398 consultum,
799 353 908 401 quod
943 365 989 389 ex
1023 350 1241 399 syngrapha
1276 349 1335 386 ius
1369 348 1448 386 dici
1483 349 1543 385 lex

210 418 380 457 Gabinia
412 425 567 456 vetaret.
627 419 731 455 Tum
772 418 813 454 fit
853 423 1010 454 senatus
1049 416 1288 457 consultum.
1317 426 1366 451 vT
1402 425 1456 451 Ex
1491 425 1543 450 ΕΑ

211 494 460 521 sx'NGRAPHA
491 496 560 520 [ις
584 495 841 523 DICERETI'R,
874 494 947 518 non
976 486 1021 517 ut
1045 481 1122 518 alio
1148 480 1230 517 iure
1257 493 1298 516 ea
1325 478 1544 527 {wlgraplza

211 556 312 586 esset
334 561 452 597 quam
474 555 625 585 ceterae
647 547 716 584 sed
739 554 779 584 ut
801 547 954 584 eodem.
1016 546 1119 584 Cum
1141 546 1238 582 haec
1260 543 1541 588 disseruissem,

212 613 364 651 seducit
399 627 461 651 me
496 611 702 661 Scaptiu53
739 612 792 649 ait
822 626 863 650 se
898 611 993 648 nibil
1026 618 1162 648 contra
1194 609 1324 648 dicere
1356 609 1426 647 sed
1458 607 1544 645 illos

211 687 347 729 putare
373 680 518 716 talenta
546 689 593 715 CC
616 691 656 715 se
683 678 828 715 debere
843 692 853 725 3
892 690 938 714 ea
964 690 1005 714 se
1033 677 1131 714 velle
1158 675 1335 725 accipere
1350 689 1359 722 ;
1399 674 1545 712 debere

211 752 343 782 autem
376 743 462 781 illos
494 744 612 792 paulo
647 742 787 780 minus.
849 743 977 791 Rogat
1013 749 1054 778 ut
1086 754 1153 779 eos
1183 742 1234 779 ad
1264 741 1435 778 ducenta
1464 751 1545 788 per-

213 810 367 846 ducam.
443 807 648 857 ‘Optime'
688 807 860 856 inquam.
924 808 1039 844 Voco
1078 805 1163 843 illos
1201 806 1252 843 ad
1291 818 1355 843 me
1393 811 1546 842 remoto

215 873 383 923 Scaptio.
457 872 618 921 ‘Quid?
647 885 715 910 vos
744 872 957 921 quantum'
988 871 1149 920 inquam
1174 869 1402 908 ‘debetis?'
1472 870 1547 905 Re-

214 939 412 989 spondent
429 949 507 976 CVI.
528 938 672 975 Refero
688 938 738 975 ad
757 936 968 985 Scaptium.
1008 937 1146 974 Homo
1163 936 1341 973 clamare.
1387 933 1548 982 ‘Quid?

215 1017 316 1054 opus
361 1005 440 1042 est’
480 1002 642 1052 inquam
685 1001 875 1039 ‘rationes
910 1000 1143 1039 conferatis.⁷
1213 999 1428 1046 Adsidunt,
1461 999 1548 1036 sub-

215 1070 390 1114 ducunt3
431 1068 486 1105 ad
520 1080 727 1104 nummum
767 1066 962 1104 convenit.
1036 1065 1098 1103 Illi
1128 1078 1169 1103 se
1201 1077 1406 1102 numerare
1436 1064 1548 1109 velle,

217 1146 352 1183 urgere
383 1140 425 1170 ut
452 1131 656 1181 acciperet.
717 1130 896 1180 Scaptius
928 1144 990 1168 me
1022 1142 1151 1167 rursus
1182 1128 1345 1175 seducit,
1368 1135 1475 1177 rogat
1507 1134 1548 1165 ut

218 1212 299 1236 rem
330 1198 384 1236 sic
414 1197 644 1247 relinquam.
705 1196 809 1234 Dedi
840 1195 994 1234 veniam
1025 1194 1176 1233 homini
1206 1194 1456 1244 impudenter
1486 1205 1550 1242 pe-

217 1263 340 1308 tenti;
374 1262 533 1301 Graecis
568 1261 837 1312 querentibus,
870 1269 911 1299 ut
945 1261 985 1298 in
1017 1262 1109 1298 fano
1141 1261 1386 1309 deponerent
1419 1265 1550 1308 postu-

216 1328 389 1366 lantibus
425 1341 506 1366 non
538 1327 727 1366 concessi.
788 1328 969 1365 Clamare
1004 1338 1142 1363 omnes
1175 1323 1241 1374 qui
1273 1325 1446 1369 aderant,
1479 1323 1554 1359 alii

217 1393 313 1431 nihil
342 1392 611 1443 impudentius
642 1391 801 1442 Scaptio
832 1391 898 1441 qui
929 1390 1153 1428 centesimis
1183 1402 1274 1427 cum
1304 1387 1550 1426 anatocismo

218 1466 428 1497 contentus
458 1472 538 1496 non
574 1465 688 1504 esset,
719 1458 783 1496 alii
816 1456 912 1494 nihil
947 1455 1112 1493 stultius.
1189 1453 1291 1491 Mihi
1320 1461 1452 1491 autem
1482 1452 1551 1489 irn-

219 1525 373 1574 pudens
413 1523 534 1573 magis
578 1536 697 1572 quam
737 1523 877 1559 stultus
916 1520 1146 1566 videbatur;
1193 1532 1285 1556 nam
1330 1526 1396 1556 aut
1442 1518 1550 1555 bono

219 1589 379 1627 nomine
410 1588 633 1627 centesimis
663 1594 873 1625 contentus
904 1599 978 1623 non
1008 1592 1087 1622 erat
1117 1591 1184 1622 aut
1211 1597 1291 1622 non
1321 1584 1429 1622 bono
1459 1596 1550 1633 qua-

219 1663 346 1692 ternas
368 1654 602 1693 centesimas
624 1652 814 1703 sperabat.

276 1721 415 1758 Habes
455 1733 583 1758 meam
623 1732 792 1757 causam.
854 1718 968 1766 Quae
1008 1716 1038 1754 si
1079 1718 1201 1754 Bruto
1233 1728 1313 1754 non
1348 1714 1548 1764 probatur,
1568 1723 1611 1761 13

219 1785 354 1823 nescio
381 1799 448 1823 cur
469 1784 578 1822 illum
599 1796 788 1822 amemus.
848 1783 926 1820 Sed
953 1783 1149 1819 avunculo
1177 1780 1260 1818 eius
1287 1788 1391 1818 certe
1413 1779 1550 1829 proba-

220 1850 333 1897 bitur,
358 1849 583 1900 praesertim
609 1862 699 1887 cum
731 1854 888 1885 senatus
917 1848 1141 1884 consultum
1170 1846 1291 1883 modo
1316 1845 1462 1882 facturn
1490 1843 1552 1889 sit,

222 1924 331 1965 puto,
367 1923 577 1965 postquam
613 1922 654 1952 tu
689 1926 730 1951 es
763 1913 971 1962 profectus,
1007 1911 1046 1948 in
1081 1910 1319 1948 creditorum
1358 1922 1476 1947 causa
1510 1916 1551 1946 ut

222 1980 460 2019 centesimae
480 1987 671 2029 perpetuo
692 1980 850 2016 faenore
871 1978 1117 2015 ducerentur.
1162 1977 1254 2014 Hoc
1271 1974 1367 2024 quid
1388 1973 1551 2020 intersit,

222 2047 252 2084 si
274 2055 361 2084 tuos
378 2045 521 2095 digitos
542 2044 644 2091 novi,
662 2051 764 2082 certe
781 2044 903 2081 habes
921 2043 1174 2080 subductum.
1217 2042 1263 2078 In
1281 2053 1359 2089 quo
1376 2039 1552 2089 quidem,

270 2161 281 2180 1
318 2151 361 2180 At
388 2150 537 2180 Ernesti:
575 2149 614 2179 Et
643 2147 757 2178 codsa:
795 2147 860 2177 sed.
890 2146 991 2176 Orelli
1129 2157 1147 2184 4
1174 2154 1228 2175 1vs
1253 2168 1259 2174 .
1288 2168 1294 2174 .
1323 2168 1329 2174 .
1358 2143 1552 2182 syngrapha

223 2195 298 2226 add.
336 2194 420 2224 Boot
572 2203 622 2225 11,
644 2202 681 2221 12
709 2191 841 2229 *Quid3
878 2201 961 2229 opus
993 2188 1065 2219 est’
1099 2189 1236 2227 inquam
1273 2187 1442 2217 *rationes
1473 2197 1553 2216 con-

224 2238 339 2268 seratis
352 2237 358 2244 '
369 2236 580 2266 Mommsen:
605 2235 694 2273 Quid
705 2245 789 2274 opus
801 2239 851 2264 est
869 2234 1004 2272 inquam
1018 2243 1117 2271 quam
1136 2233 1286 2262 rationes
1301 2230 1481 2260 conferatis
1492 2228 1552 2260 M:

228 2282 336 2320 ‘Quid
353 2281 464 2320 potius
482 2280 552 2309 est’
570 2280 704 2317 inquam
725 2283 732 2295 ⁶
745 2288 843 2317 quam
861 2278 1009 2307 rationes
1027 2276 1209 2306 conferatis
1222 2277 1231 2306 2
1243 2275 1250 2285 ⁷
1276 2273 1555 2311 Mz'illeridemque

224 2325 337 2355 Baiter
351 2325 415 2353 nisi
429 2322 536 2353 addito
555 2328 589 2353 ut
602 2326 677 2362 post
692 2332 791 2360 quam
936 2330 973 2358 13
999 2321 1039 2350 ad
1063 2319 1138 2350 add.
1158 2319 1245 2359 vulg.
1386 2319 1424 2346 16
1448 2316 1500 2357 ut]
1519 2320 1552 2346 et

225 2369 296 2398 utI
311 2367 428 2397 Lamb.
563 2376 598 2404 17
625 2365 678 2395 alii
703 2364 776 2395 add.
804 2363 985 2403 Sternkopf
1096 2373 1134 2393 21
1162 2373 1228 2392 non
1251 2360 1325 2392 add.
1348 2360 1485 2400 Ernesti,
1514 2359 1550 2397 cf.

224 2417 324 2451 snpra
343 2411 374 2442 ll.
398 2421 431 2440 ΙΙ
463 2419 499 2447 15
516 2415 544 2439 et
560 2411 591 2439 vi
615 2420 633 2439 2
661 2419 700 2446 75
725 2419 754 2446 3.
773 2418 792 2446 5
