1773 2651
621 154 732 191 EPP.
766 154 843 190 AD
874 154 1134 192 ATTICVM
1446 152 1539 189 VII.
1563 151 1592 188 ii

264 269 312 304 II
551 273 621 305 Ser.
639 273 804 304 Brundisi
818 285 837 305 v
854 274 895 304 K.
916 274 990 305 Dec.
1008 285 1038 305 a.
1061 284 1120 314 704
1141 275 1217 315 (50).

634 351 810 382 CICERO
835 351 1008 382 ATTICO
1034 350 1132 382 SAL.

275 427 529 466 Brundisium
551 428 730 467 venimus
752 441 808 467 vn
834 430 1002 468 Kalend.
1029 429 1237 468 Decembr.
1261 428 1320 468 usi
1341 436 1408 467 tua
1427 428 1544 468 felici·
1563 437 1580 464 1

219 499 296 531 tate
317 492 526 543 navigandi
545 508 555 541 ,-
583 493 635 531 ita
656 494 759 532 belle
780 494 895 532 nobis

180 572 196 602 5
417 557 541 596 Flavit
571 559 621 596 ab
654 558 774 609 Epiro
804 558 1026 597 lenissimus
1057 558 1345 598 Onchesmites.

220 623 343 660 Hunc
373 623 659 670 σπονδειάζοντα
690 623 720 661 si
751 623 813 662 cui
838 625 946 663 voles
970 628 1040 662 τῶν
1063 625 1243 674 νεωτέρων
1268 637 1338 674 pro
1365 631 1433 662 tuo
1457 637 1546 662 ven-

217 687 310 725 dito.
371 689 570 727 Valetudo
601 696 666 726 tua
696 701 759 727 me
789 690 903 727 valde
933 690 1166 736 conturbat3
1196 688 1415 738 significant
1439 687 1543 726 enim
1564 697 1588 724 2

217 761 307 791 tuae
338 753 487 792 litterae
518 761 555 792 te
586 767 742 804 prorsus
773 753 959 792 laborare.
1022 756 1106 804 Ego
1133 761 1276 799 autem,
1310 766 1400 791 cum
1421 752 1542 791 sciam

216 831 334 867 quam
356 817 406 855 sis
428 817 545 864 fortis,
570 817 841 857 vehementius
863 831 948 856 esse
969 817 1158 868 quiddam
1181 817 1357 867 suspicor
1377 818 1485 867 quod
1507 825 1544 855 te

158 896 197 918 10
216 891 329 933 cogat
369 884 508 922 cedere
547 891 585 922 et
624 897 746 934 prope
791 884 955 922 modum
995 883 1187 933 infringat.
1260 883 1344 921 Etsi
1382 884 1542 921 alteram

216 955 446 997 quartanam
470 948 698 998 Pamphilus
720 956 809 986 tuus
841 947 935 986 mihi
957 947 1052 986 dixit
1077 947 1292 986 decessisse
1317 954 1355 985 et
1381 949 1542 986 alteram

215 1012 400 1051 leviorem
440 1014 639 1052 accedere.
699 1013 885 1052 Terentia
923 1026 1024 1059 vero,
1066 1026 1168 1063 quae
1203 1012 1364 1062 quidem
1399 1014 1540 1051 eodem

215 1085 392 1127 tempore
421 1079 471 1116 ad
502 1086 655 1128 portam
687 1077 966 1116 Brundisinam
988 1077 1094 1116 venit
1123 1091 1203 1127 quo
1231 1090 1303 1127 ego
1325 1076 1363 1114 in
1384 1085 1540 1127 portum

215 1142 390 1192 mihique
421 1143 537 1181 obvia
564 1143 602 1181 in
624 1145 707 1182 foro
738 1143 819 1189 fuit,
845 1145 887 1181 L.
922 1143 1107 1182 Pontium
1140 1142 1215 1181 sibi
1244 1142 1284 1180 in
1314 1143 1541 1181 Trebulano

157 1218 192 1249 ¹5
214 1208 357 1246 dixisse
378 1209 559 1246 narrabat
589 1208 706 1247 etiam
737 1222 821 1247 eam
844 1208 1070 1247 decessisse.
1131 1209 1253 1256 Quod
1274 1207 1305 1245 si
1326 1207 1378 1245 ita
1398 1214 1466 1253 est,
1489 1214 1544 1245 est

213 1275 321 1323 quod
344 1274 511 1312 maxime
534 1287 596 1312 me
613 1275 770 1313 hercule
792 1281 887 1324 opto
908 1273 1027 1324 idque
1055 1287 1168 1323 spero
1189 1280 1254 1310 tua
1276 1272 1482 1322 prudentia
1503 1280 1540 1311 et

213 1339 472 1389 temperantia
492 1347 529 1378 te
551 1348 819 1378 consecutum.

220 1405 222 1407 ’
266 1404 396 1443 Venio
417 1405 467 1443 ad
488 1404 674 1455 epistulas
696 1412 780 1442 tuas
799 1419 808 1451 ,-
838 1418 934 1454 quas
956 1418 1028 1454 ego
1050 1411 1246 1442 sescentas
1267 1417 1347 1442 uno
1364 1410 1540 1454 tempore
1560 1413 1584 1450 3

211 1469 356 1519 accepi,
380 1470 496 1507 aliam
513 1470 589 1508 alia
605 1469 890 1516 iucundiorem,
910 1483 1010 1519 quae
1024 1468 1186 1518 quidem
1200 1477 1308 1507 erant
1326 1477 1391 1506 tua
1407 1482 1538 1507 manu.

155 1548 192 1568 20
212 1536 316 1572 Nam
338 1535 514 1573 Alexidis
544 1549 704 1573 manum
732 1536 915 1573 amabam
941 1535 1049 1584 quod
1074 1542 1153 1572 tam
1183 1547 1305 1584 prope
1325 1534 1541 1573 accedebat

211 1601 261 1638 ad
283 1600 580 1639 similitudinem
603 1608 704 1647 tuae,
728 1600 872 1638 litteras
890 1613 970 1638 non
986 1599 1168 1637 amabam
1183 1600 1291 1648 quod
1313 1599 1540 1638 indicabant

212 1673 249 1703 te
271 1679 351 1703 non
373 1667 509 1704 valere.
573 1666 696 1705 Cuius
727 1665 914 1715 quoniam
947 1664 1095 1703 mentio
1125 1665 1226 1702 facta
1253 1672 1321 1710 est,
1351 1664 1538 1703 Tironem

213 1729 336 1768 Patris
366 1744 524 1780 aegrum
556 1731 705 1780 reliqui,
733 1731 1039 1776 adulescentem,
1073 1737 1114 1766 ut
1144 1728 1247 1767 nosti
1278 1728 1332 1777 (et
1361 1730 1475 1775 adde,
1508 1730 1539 1768 si

212 1795 308 1844 quid
329 1794 414 1845 vis),
438 1796 618 1845 probum.
679 1795 789 1832 Nihil
810 1794 889 1832 vidi
920 1794 1069 1832 melius.
1132 1795 1271 1842 Itaque
1293 1806 1405 1832 careo
1425 1807 1538 1844 aegre

154 1873 192 1903 25
213 1867 260 1905 et,
285 1873 526 1910 quamquam
548 1860 754 1898 videbatur
775 1874 816 1898 se
837 1873 917 1898 non
939 1858 1103 1909 graviter
1124 1859 1278 1904 habere,
1299 1866 1430 1897 tamen
1452 1872 1539 1897 sum

213 1924 400 1962 sollicitus
429 1925 718 1974 maximamque
750 1939 859 1974 spem
892 1925 1021 1962 habeo
1049 1923 1088 1960 in
1118 1925 1184 1960 Μ’.
1210 1923 1304 1962 Curi
1338 1923 1539 1973 diligentia

212 1989 261 2026 de
289 2002 366 2038 qua
395 1991 445 2027 ad
476 2003 539 2027 me
571 1989 723 2039 scripsit
757 1989 852 2027 Tiro
884 1997 921 2027 et
957 1988 1068 2026 multi
1099 1988 1336 2026 nuntiarunt.
1398 1988 1538 2028 Curius

211 2061 342 2092 autem
368 2054 450 2104 ipse
481 2053 601 2092 sensit
629 2067 747 2103 quam
777 2061 817 2092 tu
838 2055 957 2092 velles
986 2066 1026 2091 se
1047 2066 1069 2090 a
1090 2066 1152 2090 me
1180 2051 1287 2102 diligi
1314 2060 1352 2091 et
1379 2066 1427 2091 eo
1451 2066 1536 2091 sum

255 2159 276 2187 6
299 2157 434 2187 vendita
462 2156 645 2186 Gronovius
792 2167 807 2194 7
833 2156 998 2186 Valetudo
1026 2156 1071 2186 C:
1098 2156 1282 2186 invalitudo
1301 2154 1347 2189 M.
1368 2155 1405 2189 cf.
1425 2165 1455 2194 5.
1479 2166 1491 2185 1
1511 2159 1540 2186 el

212 2200 371 2231 Sclzmalz
388 2200 651 2229 *Antibarbams
663 2199 669 2209 '
688 2200 706 2230 i.
728 2202 790 2237 716
925 2209 960 2238 15
985 2204 1035 2229 est
1048 2199 1122 2229 add.
1137 2199 1257 2229 Bosins
1345 2209 1382 2228 21
1411 2199 1538 2230 litteras

241 2269 246 2274 .
268 2267 276 2274 .
302 2243 493 2273 indicabant
518 2243 706 2273 Mentmer:
732 2243 864 2273 litterae
885 2268 890 2273 .
909 2267 915 2272 .
939 2266 945 2272 .
964 2243 1133 2273 indicabat
1158 2242 1245 2273 codd.
1268 2243 1355 2282 vulg.
1497 2253 1538 2282 23

206 2268 281 2327 >³051
301 2287 550 2317 adulcscentem
573 2286 648 2316 add.
668 2287 865 2325 diligentem
888 2286 1007 2323 Aldus,
1034 2286 1099 2316 ‹oll.
1120 2286 1161 2316 vi.
1182 2295 1209 2323 7.
1230 2296 1273 2323 2;
1308 2285 1384 2316 add.
1402 2286 1536 2316 doctum

218 2330 415 2369 lVesenbmg,
437 2330 504 2360 coll.
524 2340 557 2360 X.
580 2340 626 2368 17.
648 2340 660 2359 1
679 2341 686 2368 ;
718 2331 754 2369 cf.
773 2329 855 2360 bIor.
883 2329 956 2360 Sat.
975 2329 1005 2358 ii.
1026 2339 1053 2368 7.
1072 2339 1133 2368 39:
1158 2329 1239 2371 sort.
1266 2329 1405 2368 probum
1431 2333 1536 2359 trans-

205 2372 395 2447 &alexium
419 2377 492 2414 post
515 2375 602 2404 nosti
781 2382 820 2413 25
852 2379 883 2403 et
903 2376 925 2403 Σ
944 2385 950 2403 z
975 2384 1038 2404 om.
1056 2373 1094 2403 M
1270 2374 1310 2404 28
1339 2383 1375 2404 se
1393 2376 1416 2405 Σ
1432 2374 1536 2405 Am:
