1732 2661
131 578 147 609 5

111 904 148 926 10

110 1556 149 1577 20

108 2204 147 2235 30

578 195 689 231 EPP.
723 194 800 230 AD
832 191 1092 231 ATTICVM
1453 188 1538 227 II.i

170 305 367 344 instabant
397 314 439 344 ut
468 307 602 344 darem
632 304 706 343 sibi
736 306 844 354 quod
875 310 1057 341 ornarent
1083 302 1161 340 iam
1188 301 1371 340 exhibere
1401 299 1497 337 mihi

170 372 389 410 molestiam
410 371 655 410 destiterunt.
699 372 775 415 Tu,
796 370 826 408 si
849 369 919 407 tibi
940 368 1129 419 placuerit
1150 368 1257 414 liber,
1281 366 1434 405 curabis
1456 373 1497 403 ut

169 444 207 475 et
228 437 394 475 Athenis
422 436 470 475 sit
498 444 535 475 et
562 436 602 474 in
632 436 770 474 ceteris
797 435 953 485 oppidis
977 433 1189 481 Graeciae3
1218 433 1371 470 videtur
1391 431 1497 469 enim

169 515 284 552 posse
313 501 462 551 aliquid
483 501 625 539 nostris
646 501 762 538 rebus
784 500 882 538 lucis
906 500 1068 539 adferre.
1130 497 1405 536 Oratiunculas
1434 509 1498 533 au·
1517 509 1541 546 3

169 574 247 604 tem
287 574 325 604 et
363 579 459 616 quas
498 567 672 616 postulas
712 573 750 604 et
787 564 908 615 pluris
947 563 1065 602 etiam
1105 562 1268 607 mittam,
1310 561 1496 610 quoniam

169 631 330 681 quidem
346 644 391 669 ea
407 644 508 680 quae
529 644 601 668 nos
623 630 829 668 scribimus
846 629 1233 668 adulescentulorum
1249 625 1387 664 studiis
1401 625 1499 663 exci-

169 695 237 733 tati
265 704 302 733 te
329 695 447 733 etiam
474 697 682 733 delectant.
744 694 831 732 Fuit
853 694 958 732 enim
980 692 1076 730 mihi
1097 692 1365 736 commodum,
1389 691 1498 739 quod

169 760 207 797 in
242 760 296 798 eis
331 760 574 798 orationibus
609 773 710 809 quae
745 758 988 808 Philippicae
1020 757 1275 796 nominantur
1308 755 1499 793 enituerat

168 825 262 863 civis
284 825 347 863 ille
369 833 457 863 tuus
481 826 784 869 Demosthenes,
808 831 845 861 et
873 823 982 872 quod
1003 836 1044 860 se
1065 822 1118 860 ab
1138 822 1215 858 hoc
1237 819 1500 858 refractariolo

168 889 340 927 iudiciali
375 889 533 927 dicendi
567 903 708 939 genere
742 888 971 926 abiunxerat
1010 895 1053 925 ut
1092 886 1312 936 σεμνότερός
1346 902 1402 925 τις
1439 885 1500 922 καὶ

167 956 450 1004 πολιτικώτερος
470 954 675 1000 videretur,
699 966 834 991 curare
858 960 900 990 ut
930 966 1042 990 meae
1071 965 1232 1002 quoque
1261 958 1391 989 essent
1418 963 1499 988 ora-

168 1020 295 1058 tiones
316 1033 417 1070 quae
438 1021 663 1058 consulares
691 1018 998 1057 nominarentur.
1059 1019 1238 1066 Quarum
1268 1030 1348 1055 una
1374 1024 1431 1054 est
1459 1016 1498 1053 in

167 1092 305 1122 senatu
340 1086 427 1122 Kal.
461 1084 664 1131 Ianuariis,
693 1085 814 1122 altera
843 1084 895 1121 ad
925 1085 1116 1133 populum
1149 1084 1198 1121 de
1230 1084 1314 1132 lege
1340 1081 1497 1131 agraria,

168 1149 279 1187 tertia
314 1151 363 1188 de
395 1150 566 1195 Othone,
602 1157 739 1199 quarta
772 1162 843 1198 pro
877 1147 1050 1194 Rabirio,
1085 1147 1223 1197 quinta
1256 1148 1306 1185 de
1340 1145 1500 1196 proscri-

129 1229 144 1259 ζ
168 1222 325 1264 ptorum
347 1214 445 1261 filiis,
470 1223 577 1252 sexta
597 1228 687 1252 cum
710 1213 952 1264 provinciam
974 1213 1012 1250 in
1034 1213 1220 1251 contione
1245 1211 1423 1261 deposui,
1446 1224 1500 1249 se-

167 1279 291 1329 ptima
305 1294 426 1330 quom
443 1279 654 1319 Catilinam
672 1279 793 1324 emisi,
813 1286 951 1317 octava
968 1292 1086 1328 quam
1104 1277 1225 1315 habui
1241 1278 1291 1315 ad
1308 1278 1499 1326 populum

167 1345 354 1395 postridie
376 1359 495 1395 quam
519 1344 689 1384 Catilina
710 1344 889 1394 profugit,
914 1357 1020 1381 nona
1049 1343 1088 1380 in
1116 1342 1303 1381 contione
1331 1355 1409 1391 quo
1437 1340 1501 1379 die

168 1411 400 1460 Allobroges
440 1410 673 1455 indicarunt,
716 1408 871 1447 decima
909 1408 948 1446 in
988 1416 1125 1446 senatu
1166 1406 1294 1445 Nonis
1335 1408 1500 1445 Decem-

168 1475 312 1513 bribus.
388 1477 487 1514 Sunt
518 1483 717 1526 praeterea
748 1476 851 1513 duae
881 1474 1032 1520 breves,
1062 1472 1174 1522 quasi
1203 1473 1500 1521 ἀποσπασμάτια

168 1540 262 1590 legis
282 1541 462 1591 agrariae.
524 1543 617 1579 Hoc
639 1548 764 1578 totum
786 1544 895 1590 σῶμα
914 1539 1062 1577 curabo
1083 1546 1124 1575 ut
1145 1538 1291 1575 habeas
1309 1552 1318 1584 3
1349 1545 1386 1575 et
1407 1550 1501 1586 quo-

168 1604 274 1642 niam
297 1614 333 1643 te
355 1620 445 1644 cum
469 1606 611 1656 scripta
633 1614 716 1644 tum
739 1619 797 1644 res
823 1618 934 1643 meae
951 1605 1159 1649 delectant,
1180 1602 1304 1640 isdem
1327 1616 1373 1640 ex
1394 1601 1500 1640 libris

167 1670 378 1721 perspicies
405 1679 443 1709 et
468 1684 569 1721 quae
593 1670 778 1721 gesserim
809 1678 847 1708 et
878 1683 978 1720 quae
1006 1667 1168 1707 dixerim
1183 1682 1193 1715 ,-
1222 1675 1288 1705 aut
1310 1680 1359 1705 ne
1380 1680 1501 1717 popo-

167 1735 330 1782 scisses;
359 1749 431 1786 ego
453 1735 558 1774 enim
581 1735 651 1774 tibi
673 1749 736 1773 me
757 1749 837 1774 non
858 1734 1082 1773 offerebam.

222 1801 343 1849 Quod
374 1801 528 1851 quaeris
556 1801 652 1850 quid
678 1800 726 1838 sit
756 1814 836 1850 quo
866 1807 904 1838 te
931 1803 1135 1845 arcessam,
1167 1810 1213 1835 ac
1241 1797 1356 1835 simul
1381 1797 1500 1846 impe·
1518 1808 1545 1845 4

167 1865 293 1903 ditum
328 1874 365 1904 te
399 1866 565 1916 negotiis
598 1879 682 1904 esse
714 1865 909 1915 significas
940 1877 1069 1914 neque
1099 1875 1253 1901 recusas
1284 1863 1389 1912 quin,
1419 1875 1500 1899 non

168 1931 289 1968 modo
317 1930 348 1968 si
370 1944 468 1980 opus
490 1931 539 1968 sit
561 1932 631 1968 sed
653 1930 770 1968 etiam
793 1930 824 1967 si
845 1929 974 1975 velim,
997 1941 1189 1975 accurras,
1210 1927 1306 1964 nihil
1328 1940 1422 1965 sane
1443 1934 1501 1964 est

167 2009 342 2041 necesse,
373 2009 507 2033 verum
548 2004 679 2033 tamen
715 1995 900 2033 videbare
939 1993 1035 2031 mihi
1074 2001 1252 2042 tempora
1286 1991 1501 2041 peregrina-

168 2060 284 2098 tionis
301 2060 551 2099 commodius
566 2073 681 2110 posse
699 2059 921 2098 discribere.
965 2058 1094 2096 Nimis
1115 2058 1209 2095 abes
1230 2056 1308 2103 diu,
1332 2069 1500 2106 praeser-

167 2125 237 2163 tim
269 2138 359 2163 cum
381 2124 432 2163 sis
453 2125 493 2162 in
516 2124 748 2174 propinquis
770 2124 880 2172 locis,
911 2137 1040 2174 neque
1062 2136 1133 2161 nos
1155 2130 1193 2160 te
1214 2121 1376 2159 fruimur
1396 2129 1434 2159 et
1456 2128 1497 2158 tu

167 2189 282 2228 nobis
304 2203 421 2228 cares.
481 2192 541 2227 Ac
563 2202 669 2226 nunc
690 2188 852 2238 quidem
874 2189 998 2227 otium
1021 2195 1088 2234 est,
1114 2187 1197 2234 sed,
1218 2186 1249 2224 si
1270 2186 1388 2236 paulo
1408 2186 1499 2234 plus

211 2306 229 2334 4
256 2295 497 2326 Oratiunculas
523 2305 623 2334 usqne
646 2293 693 2324 ad
719 2294 901 2325 offerebam
929 2295 962 2325 tl.
985 2295 1040 2332 233
1058 2296 1203 2332 suspecta
1223 2291 1350 2329 Orellz'o,
1368 2290 1441 2320 Fuit
1460 2290 1497 2330 (l.

169 2338 201 2377 7}
221 2349 321 2378 usque
337 2339 382 2369 ad
397 2339 581 2369 offerebam
594 2338 668 2368 alsis
755 2349 775 2377 9
802 2338 1053 2368 Demosthenes
1064 2337 1131 2367 secl.
1148 2335 1241 2366 Man.
1337 2337 1375 2364 16
1398 2345 1498 2373 quom

169 2382 292 2413 Orelli:
317 2393 384 2421 quo
402 2382 462 2413 M:
485 2393 553 2421 qua
569 2383 658 2421 vulg.
798 2383 836 2412 18
860 2381 1053 2411 indicarunt
1072 2381 1166 2410 Man.
1188 2391 1194 2409 :
1221 2379 1421 2408 invocarunt
1438 2376 1499 2407 M:

168 2425 386 2465 involgarunt
413 2426 551 2456 Rosius:
582 2426 773 2455 invocarem
800 2425 887 2454 Reid
1050 2434 1090 2461 24
1116 2434 1182 2462 quo
1206 2421 1267 2452 M:
1291 2422 1382 2460 quod
1407 2421 1496 2460 vulg.

166 2469 250 2500 Ant.
342 2470 383 2498 28
407 2469 592 2499 discribere
610 2467 652 2498 Zl
670 2481 676 2499 :
701 2470 894 2499 describere
913 2468 982 2498 CM
998 2472 1049 2508 gut
1066 2468 1148 2508 vid.)
