1773 2651
185 196 278 234 VII.
303 207 364 233 xv
651 199 706 235 M.
738 198 906 235 TVLLI
939 197 1246 236 CICERONIS

280 321 380 358 opus
401 315 469 355 est,
488 308 527 345 in
550 308 721 346 Siciliam
744 308 797 346 ire
819 322 898 346 non
920 316 1052 355 curat3
1083 309 1190 358 quod
1213 316 1347 347 metuo
1368 323 1417 347 ne
1439 310 1552 357 obsit,
1572 310 1611 348 in

280 381 418 411 senatu
450 387 535 411 esse
566 375 657 411 vult.
719 373 944 411 Postumius
983 382 1129 421 autem,
1167 375 1218 412 de
1257 387 1337 423 quo
1376 375 1611 413 nominatim

279 446 437 477 senatus
464 438 638 477 decrevit
661 446 703 476 ut
724 438 855 476 statim
883 437 922 476 in
944 438 1116 477 Siciliam
1141 438 1211 477 iret
1237 439 1502 489 Furfanioque
1530 453 1613 478 suc—

279 504 446 550 cederet,
481 512 597 553 negat
631 517 671 542 se
706 503 790 542 sine
822 504 976 543 Catone
1007 503 1151 542 iturum
1184 511 1222 542 et
1257 517 1367 542 suam
1403 504 1442 541 in
1475 513 1611 542 senatu

279 581 438 617 operam
465 568 818 618 auctoritatemque
843 582 962 618 quam
984 568 1114 618 magni
1141 568 1332 607 aestimat.
1395 571 1456 607 Ita
1482 583 1541 608 res
1561 571 1611 608 ad
1632 579 1649 610 5

280 633 475 671 Fannium
496 632 684 682 pervenit.
737 634 775 671 Is
797 647 887 671 cum
909 633 1073 682 imperio
1090 633 1129 671 in
1147 633 1319 672 Siciliam
1340 634 1610 683 praemittitur.

235 705 259 741 3
280 698 328 734 In
360 697 694 747 disputationibus
730 698 872 736 nostris
907 711 1062 736 summa
1093 698 1257 737 varietas
1289 706 1357 737 est.
1431 699 1612 749 Plerique

278 769 423 811 negant
458 763 668 802 Caesarem
709 762 748 800 in
791 762 1028 801 condicione
1068 776 1295 801 mansurum
1335 765 1612 813 postulataque

278 827 376 865 haec
396 828 447 865 ab
468 841 516 866 eo
547 827 777 876 interposita
797 841 882 866 esse
899 841 979 877 quo
1010 827 1140 865 minus
1167 829 1277 877 quod
1305 841 1405 877 opus
1432 837 1533 866 esset
1560 830 1611 867 ad

277 892 425 930 bellum
447 906 469 930 a
490 892 605 930 nobis
635 900 842 942 pararetur.
904 894 989 942 Ego
1015 900 1147 931 autem
1175 906 1266 931 eum
1294 901 1390 942 puto
1418 894 1610 931 facturum
1633 908 1671 930 10

278 965 319 994 ut
348 957 543 1010 praesidia
572 958 753 995 deducat.
814 957 961 995 Vicerit
991 957 1108 1004 enim,
1140 957 1171 994 si
1205 959 1343 995 consul
1373 958 1497 995 factus
1527 958 1608 1005 erit,

277 1029 314 1060 et
354 1022 505 1061 minore
544 1024 689 1060 scelere
721 1022 855 1060 vicerit
894 1035 1013 1072 quam
1052 1035 1131 1072 quo
1170 1022 1365 1072 ingressus
1404 1030 1472 1060 est.
1532 1024 1610 1061 Sed

276 1087 509 1139 accipienda
535 1089 648 1137 plaga
669 1095 737 1125 est.
798 1089 942 1125 Sumus
967 1086 1074 1124 enim
1102 1086 1291 1136 flagitiose
1316 1087 1493 1137 imparati
1519 1100 1609 1125 cum

276 1165 298 1189 a
319 1151 508 1189 militibus
529 1159 610 1189 tum
633 1165 656 1189 a
677 1151 845 1201 pecunia
860 1166 869 1199 3
899 1164 1017 1201 quam
1035 1150 1196 1200 quidem
1214 1165 1374 1189 omnem
1392 1165 1471 1189 non
1489 1153 1610 1190 modo

276 1216 465 1266 privatam
504 1230 605 1267 quae
644 1217 683 1254 in
724 1217 820 1255 urbe
858 1224 916 1255 est
947 1217 1017 1254 sed
1049 1216 1166 1254 etiam
1202 1216 1400 1266 publicam
1433 1230 1534 1265 quae
1569 1216 1608 1253 in
1631 1231 1667 1263 ¹5

274 1282 423 1320 aerario
443 1290 500 1321 est
528 1282 582 1319 illi
610 1281 851 1331 reliquimus.
906 1281 1120 1331 Pompeius
1139 1283 1191 1319 ad
1213 1280 1386 1330 legiones
1407 1281 1609 1330 Appianas

274 1355 331 1385 est
352 1349 550 1397 profectus
566 1362 576 1395 5
607 1346 828 1385 Labienum
850 1360 986 1384 secum
1007 1347 1138 1384 habet.
1189 1347 1274 1395 Ego
1295 1353 1380 1383 tuas
1401 1345 1608 1395 opiniones

273 1413 323 1450 de
363 1412 422 1450 his
462 1413 577 1451 rebus
619 1419 814 1461 exspecto.
877 1410 1052 1449 Formias
1093 1424 1156 1449 me
1201 1410 1392 1449 continuo
1437 1411 1608 1461 recipere

273 1477 506 1528 cogitabam.

315 1611 426 1646 XVI
602 1615 675 1647 Ser.
695 1614 828 1646 Calibus
843 1615 881 1645 iii
891 1614 934 1645 K.
956 1614 1046 1646 Febr.
1065 1625 1095 1645 a.
1119 1624 1174 1654 705
1193 1615 1275 1656 (49).
1627 1624 1668 1646 20

689 1704 865 1735 CICERO
889 1703 1064 1734 ATTICO
1091 1703 1187 1734 SAL.

234 1804 250 1830 1
325 1794 467 1833 Omnis
491 1793 656 1832 arbitror
678 1793 773 1830 mihi
796 1801 881 1831 tuas
904 1793 1049 1831 litteras
1071 1792 1243 1831 redditas
1264 1805 1349 1830 esse
1371 1793 1439 1830 sed
1462 1791 1605 1841 primas

270 1867 528 1910 praepostere,
553 1859 721 1908 reliquas
743 1858 880 1897 ordine
901 1872 982 1908 quo
1003 1866 1093 1895 sunt
1115 1857 1255 1895 missae
1276 1870 1344 1906 per
1363 1857 1604 1896 Terentiam.

272 1926 333 1962 De
372 1923 568 1962 mandatis
608 1923 786 1963 Caesaris
830 1924 1084 1972 adventuque
1124 1921 1289 1960 Labieni
1330 1929 1367 1959 et
1407 1922 1603 1972 responsis

269 1991 477 2027 consulum
494 2002 539 2026 ac
562 1988 728 2038 Pompei
750 1988 885 2038 scripsi
906 1989 957 2028 ad
974 1995 1011 2026 te
1032 1987 1168 2025 litteris
1190 1986 1234 2024 iis
1256 2000 1352 2036 quas
1367 2000 1399 2024 a.
1417 1988 1453 2025 d.
1471 1999 1495 2024 v
1514 1989 1600 2026 Kal.
1625 1999 1662 2029 25

272 2054 409 2104 Capua
439 2053 531 2092 dedi
566 2055 756 2103 pluraque
786 2061 986 2103 praeterea
1015 2052 1054 2090 in
1082 2052 1249 2090 eandem
1278 2051 1485 2101 epistulam
1513 2066 1603 2090 con-

229 2130 253 2158 2
272 2119 355 2157 1661.
415 2120 533 2157 Ν11116
563 2120 633 2157 has
663 2117 976 2168 exspectationes
1004 2117 1197 2154 habemus
1225 2117 1336 2163 duas,
1359 2129 1477 2153 unam
1507 2117 1603 2166 quid

273 2185 417 2223 Caesar
435 2192 592 2222 acturus
614 2184 662 2221 sit
683 2197 773 2221 cum
794 2182 988 2232 acceperit
1009 2195 1055 2220 ea
1075 2194 1176 2231 quae
1198 2182 1400 2219 referenda
1419 2182 1470 2219 ad
1492 2181 1601 2219 illum

268 2250 360 2287 data
389 2257 479 2287 sunt
511 2250 554 2287 L.
587 2248 759 2295 Caesari,
788 2249 949 2285 alteram
977 2246 1076 2295 quid
1105 2245 1318 2294 Pompeius
1347 2253 1445 2295 agat.
1520 2246 1599 2294 Qui

267 2314 429 2364 quidem
459 2315 510 2352 ad
539 2327 601 2352 me
631 2313 764 2351 scribit
794 2311 928 2362 paucis
959 2311 1099 2349 diebus
1129 2324 1170 2348 se
1200 2311 1355 2347 firmum
1386 2310 1597 2348 exercitum
1618 2324 1659 2354 30

311 2426 330 2455 5
354 2427 454 2456 quam
479 2427 546 2446 non
572 2414 824 2452 sollicitandum,
852 2414 890 2453 cf.
918 2414 984 2444 xiv.
1011 2424 1041 2452 9.
1064 2423 1082 2442 2
1239 2422 1276 2442 12
1300 2411 1382 2452 quo]
1402 2413 1490 2450 quod
1515 2410 1602 2441 Reid

271 2461 309 2489 16
334 2461 510 2498 Appianas
528 2459 659 2500 Lipsius
674 2459 740 2489 coll.
760 2457 847 2488 Plut.
869 2457 987 2496 Pomp.
1005 2467 1064 2496 57:
1090 2457 1227 2486 acianas
1245 2454 1299 2484 Ml
1316 2466 1322 2484 :
1348 2455 1499 2485 actianas
1517 2454 1596 2485 M2:

267 2503 426 2533 Attianas
449 2503 536 2542 vulg.
