1773 2651
89 192 205 230 VIII.
230 192 290 228 vii
600 193 654 229 M.
687 191 855 228 TVLLI
887 189 1193 229 CICERONIS

266 298 358 333 VII
394 301 463 333 Ser.
482 303 514 332 in
532 302 710 332 Formiano
727 302 772 331 vii
786 301 828 331 K.
850 301 964 340 Δίκη,
986 304 1022 330 nt
1037 300 1172 339 videtur,
1190 311 1221 331 a.
1242 310 1296 339 705
1315 298 1401 339 (49).

640 372 816 402 CICERO
842 371 1012 401 ATTICO
1039 371 1137 402 SAL.

189 450 205 475 1
278 441 413 478 Vnum
446 439 563 478 etiam
597 446 714 477 restat
748 438 877 476 amico
917 446 1051 475 nostro
1086 438 1136 475 ad
1167 451 1285 475 omne
1315 437 1489 475 dedecus
1519 443 1561 474 ut

227 504 405 543 Domitio
436 518 516 542 non
544 504 761 542 subveniat.
825 505 900 541 ‘At
929 516 1049 541 nemo
1077 502 1231 540 dubitat
1259 501 1354 551 quin
1383 500 1561 539 subsidio

224 577 410 608 venturus
438 568 509 606 sit.’
568 570 654 618 Ego
674 582 754 606 non
777 575 883 618 puto.
948 572 956 587 ‘
974 569 1139 605 Deseret
1160 566 1274 616 igitur
1296 567 1413 604 talem
1435 565 1560 604 civem
1583 580 1599 610 5

226 642 263 673 et
293 648 361 672 eos
391 647 490 684 quos
520 647 598 671 una
633 633 708 672 scis
742 647 827 672 esse
859 646 950 671 cum
986 633 1130 671 habeat
1159 631 1386 682 praesertim
1418 631 1448 668 is
1479 631 1562 680 ipse

226 699 398 738 cohortis
423 699 628 749 triginta?’
678 698 765 737 Nisi
792 712 855 737 me
876 697 1010 736 onmia
1035 699 1183 743 fallunt,
1207 698 1371 735 deseret.
1434 698 1562 734 Incre-

227 764 399 803 dibiliter
418 763 630 814 pertimuit,
650 763 746 801 nihil
767 770 918 813 spectat
939 762 1012 800 nisi
1034 763 1176 812 fugam.
1237 761 1343 809 Quoi
1366 768 1406 798 tu
1428 760 1562 810 (video

184 841 209 868 2
228 829 333 867 enim
364 828 459 878 quid
490 828 652 877 sentias)
684 842 746 866 me
780 827 966 866 comitem
998 834 1112 876 putas
1142 827 1287 864 debere
1319 838 1415 863 esse.
1476 826 1561 874 Ego

227 907 319 932 vero
340 907 458 943 quem
480 893 626 943 fugiam
655 894 794 940 habeo,
819 907 937 942 quem
964 905 1104 941 sequar
1131 905 1210 929 non
1239 891 1378 928 habeo.
1440 891 1561 938 Quod
1587 904 1622 926 ιο

227 959 333 997 enim
366 965 407 996 tu
440 971 572 996 meum
602 959 738 996 laudas
769 965 806 996 et
837 957 1139 995 memorandum
1170 955 1280 1002 dicis,
1307 955 1423 992 malle
1453 955 1561 1003 quod

227 1024 391 1062 dixerim
424 1037 488 1061 me
520 1037 610 1061 cum
642 1023 835 1073 Pompeio
867 1022 969 1061 vinci
1002 1035 1120 1071 quam
1153 1034 1243 1059 cum
1280 1019 1362 1057 istis
1393 1018 1559 1065 vincere,

226 1103 299 1138 ego
326 1101 417 1127 vero
446 1089 549 1126 malo
580 1089 649 1126 sed
677 1101 767 1126 cum
796 1088 862 1126 illo
886 1086 1077 1136 Pompeio
1101 1085 1167 1135 qui
1192 1093 1275 1123 tum
1303 1091 1384 1123 erat
1408 1091 1474 1121 aut
1495 1083 1563 1133 qui

227 1154 323 1191 mihi
344 1167 429 1192 esse
450 1153 668 1200 videbatur,
692 1166 783 1191 curn
812 1154 888 1190 hoc
910 1165 1001 1191 vero
1022 1150 1089 1201 qui
1115 1158 1207 1189 ante
1232 1149 1329 1200 fugit
1349 1162 1468 1199 quarn
1491 1149 1563 1186 scit

227 1227 293 1257 aut
323 1232 443 1268 quem
474 1218 595 1269 fugiat
623 1226 691 1256 aut
721 1232 812 1268 quo,
843 1217 908 1268 qui
941 1225 1073 1255 nostra
1103 1215 1272 1262 tradidit,
1300 1214 1367 1265 qui
1397 1213 1561 1264 patriam
1586 1230 1622 1261 15

228 1284 393 1334 reliquit,
430 1283 584 1321 Italiam
623 1282 817 1333 relinquit,
852 1283 882 1320 si
923 1282 1052 1327 malui,
1088 1280 1261 1331 contigit,
1298 1279 1423 1318 victus
1463 1292 1559 1317 sum.

230 1351 350 1398 Quod
390 1356 576 1399 superest,
614 1362 687 1387 nec
725 1348 799 1386 ista
832 1348 964 1386 videre
1003 1359 1164 1397 possum
1204 1359 1305 1395 quae
1345 1357 1562 1394 numquam

229 1415 340 1453 timui
363 1428 412 1453 ne
433 1414 606 1453 viderem
629 1427 703 1452 nec
730 1427 793 1451 me
819 1414 976 1451 hercule
1003 1412 1121 1449 istum
1147 1419 1306 1461 propter
1326 1423 1445 1460 quem
1467 1409 1563 1447 mihi

230 1494 309 1519 non
332 1481 454 1518 modo
476 1479 573 1518 meis
594 1480 663 1517 sed
686 1486 831 1517 memet
852 1478 938 1527 ipso
959 1478 1174 1516 carendum
1196 1484 1264 1515 est.

187 1559 210 1596 3
285 1547 348 1584 Ad
378 1545 634 1583 Philotimum
665 1544 799 1594 scripsi
827 1545 878 1582 de
905 1543 1047 1581 viatico
1077 1542 1158 1580 sive
1186 1555 1209 1580 a
1238 1543 1403 1579 Moneta
1428 1540 1564 1590 (nemo
1587 1552 1625 1573 20

230 1612 335 1650 enim
367 1611 498 1659 solvit)
528 1611 608 1648 sive
638 1611 688 1648 ab
719 1609 860 1660 Oppiis
894 1609 970 1647 tuis
1000 1606 1360 1647 contubernalibus.
1422 1607 1563 1645 Cetera

229 1677 408 1728 apposita
428 1676 499 1715 tibi
521 1676 732 1714 mandabo

272 1786 390 1820 VIII
504 1787 574 1819 Ser.
591 1788 625 1818 in
644 1787 825 1818 Formiano
841 1787 875 1818 vi
888 1786 932 1817 K.
951 1785 1051 1817 Mart.
1071 1797 1099 1817 a.
1119 1796 1175 1826 705
1187 1786 1274 1828 (49).

647 1859 823 1890 CICERO
848 1858 1019 1888 ATTICO
1046 1858 1143 1890 SAL.

196 1938 212 1963 1
286 1928 322 1966 O
353 1940 434 1965 rem
470 1933 623 1976 turpem
658 1934 697 1964 et
731 1939 777 1964 ea
806 1939 845 1963 re
876 1924 1082 1963 miseram!
1126 1923 1190 1963 Sic
1219 1923 1325 1962 enirn
1355 1921 1496 1969 sentio,
1523 1920 1563 1959 id
1585 1931 1623 1964 25

231 1994 393 2031 demum
421 1999 488 2029 aut
515 1991 646 2041 potius
673 1991 713 2029 id
741 1992 868 2028 solum
899 2004 984 2028 esse
1015 1989 1200 2027 miserum
1228 1989 1336 2038 quod
1364 1995 1475 2037 turpe
1502 1986 1561 2024 sit.

234 2059 393 2096 Aluerat
425 2058 634 2095 Caesarem
651 2071 661 2103 3
694 2057 867 2094 eundem
897 2062 1058 2104 repente
1088 2054 1225 2092 timere
1254 2060 1448 2102 coeperat,
1474 2065 1565 2090 con-

233 2122 433 2161 dicionem
468 2121 575 2171 pacis
609 2122 757 2158 nullam
789 2120 984 2170 probarat,
1014 2118 1110 2156 nihil
1141 2120 1192 2157 ad
1222 2118 1369 2156 bellum
1399 2123 1561 2166 pararat,

234 2188 372 2226 urbem
405 2186 623 2236 reliquerat,
654 2185 845 2223 Picenum
879 2183 1061 2222 amiserat
1093 2184 1220 2233 culpa,
1242 2181 1281 2219 in
1307 2181 1493 2231 Apuliam
1523 2194 1564 2218 se

278 2291 299 2320 6
322 2301 407 2328 quos
439 2300 505 2320 una
537 2290 605 2320 scis
636 2299 721 2321 esse.
757 2298 831 2318 cum
862 2287 959 2317 Vz'ct.:
994 2297 1060 2317 una
1091 2286 1196 2317 scisse
1230 2295 1342 2315 secum
1369 2285 1410 2314 M
1538 2284 1566 2314 is

234 2333 472 2373 flz'a‘sclfildcr:
503 2344 545 2363 ex
567 2332 678 2363 codd:
703 2336 736 2361 et
760 2332 847 2371 vulg.
995 2341 1010 2368 7
1033 2334 1105 2370 post
1128 2329 1267 2369 triginta
1291 2327 1368 2359 add.
1397 2328 1566 2358 Domitius

235 2377 349 2407 EORs
366 2377 436 2407 Ber.
556 2386 591 2406 11
619 2374 747 2415 meum]
766 2375 845 2405 illud
864 2385 972 2404 meum
991 2373 1200 2413 [Vesenbergt
1226 2383 1278 2402 me
1299 2372 1383 2401 Boot
1469 2372 1565 2401 ducis

236 2420 357 2450 Rosius
448 2430 497 2454 11,
518 2430 555 2449 12
572 2420 661 2459 quod
679 2419 824 2449 dixerim
843 2418 899 2448 del.
923 2417 1017 2447 Cobet
1133 2418 1174 2446 28
1201 2420 1333 2454 pararat
1352 2415 1389 2446 l:
1415 2420 1509 2454 parat
1528 2413 1569 2444 M

239 2474 280 2502 29
304 2468 379 2494 anie
395 2463 552 2493 amiserat
569 2462 645 2492 add.
664 2473 723 2492 sua
740 2461 873 2491 Erncsti
