1732 2661
546 163 656 199 EPP.
690 164 767 199 AD
798 162 1057 200 ATTICVM
1418 164 1471 199 ΙΙ.
1491 173 1551 198 xx

134 272 296 321 gloriam
318 273 434 311 venit.
496 274 689 323 Populare
720 287 826 310 nunc
856 273 952 310 nihil
983 281 1062 311 tam
1093 280 1151 311 est
1181 286 1299 322 quam
1330 272 1466 310 odium

135 337 394 386 popularium.
455 340 569 376 Haec
601 351 680 387 quo
708 337 784 375 sint
809 346 992 388 eruptura
1019 337 1167 384 timeo,
1196 338 1265 375 sed
1293 337 1323 374 si
1351 336 1467 386 dispi-
1485 346 1510 384 5

134 414 221 439 cere
243 402 339 451 quid
366 416 534 453 coepero
559 403 727 441 scribam
752 404 802 441 ad
831 411 868 441 te
895 402 1077 453 apertius.
1137 404 1200 440 Tu
1221 402 1252 439 si
1275 415 1337 439 me
1357 415 1466 439 amas

134 473 286 504 tantum
317 475 509 517 quantum
541 469 718 518 profecto
748 482 870 511 amaS,
900 467 1105 518 expeditus
1135 467 1252 505 facito
1282 474 1323 505 ut
1353 466 1404 504 sis
1434 466 1464 504 si

96 541 113 572 5
134 529 348 570 inclamaro
375 540 417 570 ut
443 546 647 579 accurras,
677 534 746 571 sed
774 534 827 571 do
852 546 1012 583 operam
1043 541 1081 572 et
1111 533 1215 571 dabo
1245 546 1294 570 ne
1324 531 1371 569 sit
1401 544 1465 569 ne-

133 608 250 633 cesse.
303 598 424 646 Quod
441 597 671 647 scripseram
689 602 775 637 †et†
794 598 912 636 Furio
929 598 1173 648 scripturum,
1192 596 1286 635 nihil
1304 609 1464 634 necesse

131 668 189 697 est
211 668 321 698 tuum
339 675 486 700 nomen
508 670 658 700 mutare
676 677 683 708 ;
714 677 777 701 me
798 663 939 701 faciam
969 662 1147 701 Laelium
1169 670 1206 701 et
1227 670 1265 700 te
1285 661 1462 699 Atticum

131 738 260 774 neque
291 734 375 764 utar
405 740 495 765 meo
526 727 788 778 chirographo
821 741 950 778 neque
980 728 1101 778 signo,
1135 727 1165 765 si
1198 727 1319 765 modo
1349 733 1462 764 erunt

131 789 213 827 eius
234 791 343 829 modi
364 791 514 830 litterae
535 806 632 842 quas
654 792 692 830 in
713 793 887 831 alienum
908 793 1081 832 incidere
1102 792 1235 831 nolim.

74 867 111 888 10
187 855 384 893 Diodotus
415 865 592 895 mortuus
613 866 695 903 est:
726 857 882 907 reliquit
911 858 1027 896 nobis
1059 860 1129 896 HS
1160 859 1321 896 fortasse
1349 861 1461 896 †cen-
1480 857 1509 894 6

129 919 264 958 tiens÷.
320 921 493 960 Comitia
524 922 688 960 Bibulus
718 936 809 961 cum
839 923 1095 962 Archilochio
1133 923 1264 961 edicto
1298 922 1337 959 in
1371 929 1462 959 ante

129 984 234 1022 diem
265 996 321 1022 xv
354 988 441 1024 Kal.
476 988 690 1026 Novembr.
723 988 884 1027 distulit.
945 990 981 1026 A
1011 987 1130 1026 Vibio
1165 987 1283 1025 libros
1313 986 1459 1036 accepi.

129 1050 252 1087 Poeta
290 1049 447 1100 ineptus
487 1060 524 1089 et
563 1060 695 1091 tamen
735 1052 807 1091 scit
842 1052 953 1099 nihil,
987 1053 1056 1090 sed
1091 1060 1149 1090 est
1184 1065 1265 1090 non
1300 1050 1460 1089 inutilis.

130 1114 323 1153 Describo
352 1123 391 1153 et
420 1116 586 1155 remitto.

71 1245 81 1266 ι
90 1245 106 1276 5
170 1231 279 1266 XXI
349 1235 419 1267 Ser.
441 1237 572 1268 Romae
581 1241 658 1277 post
672 1238 729 1268 viii
742 1237 785 1269 Κ.
805 1236 892 1269 Sext.
902 1265 909 1278 ‚
922 1242 997 1270 ante
1011 1248 1057 1269 xv
1072 1237 1113 1269 K.
1133 1236 1214 1269 Nov.
1235 1248 1264 1269 α.
1285 1238 1324 1278 69
1322 1247 1343 1277 5
1357 1236 1439 1278 (59).

541 1315 715 1346 CICERO
741 1315 912 1346 ATTICO
939 1315 1036 1346 SAL.

182 1393 244 1431 De
274 1406 314 1431 re
345 1392 504 1443 publica
530 1393 625 1442 quid
653 1407 726 1442 ego
757 1393 827 1431 tibi
853 1393 1077 1431 subtiliter?
1132 1395 1236 1431 Tota
1264 1392 1376 1443 periit
1405 1399 1459 1430 at·
1477 1403 1496 1431 1

127 1470 204 1506 que
234 1459 311 1495 hoc
340 1467 398 1496 est
423 1458 599 1496 miserior
629 1472 747 1508 quam
778 1457 978 1507 reliquisti,
1002 1459 1110 1507 quod
1140 1466 1222 1495 tum
1253 1457 1459 1495 videbatur

127 1521 210 1559 eius
242 1522 351 1560 modi
386 1523 608 1561 dominatio
640 1522 837 1560 civitatem
873 1522 1112 1572 oppressisse
1147 1535 1247 1572 quae
1285 1522 1456 1560 iucunda

68 1601 106 1622 20
126 1595 227 1625 esset
261 1587 518 1635 multitudini,
549 1588 663 1626 bonis
698 1596 830 1626 autem
861 1587 913 1625 ita
944 1589 1108 1625 molesta
1139 1595 1181 1625 ut
1212 1594 1343 1624 tamen
1373 1587 1456 1624 sine

126 1651 311 1701 pernicie,
327 1666 434 1691 nunc
455 1660 616 1703 repente
638 1661 747 1692 tanto
768 1652 807 1690 in
829 1652 923 1691 odio
944 1660 1002 1690 est
1023 1651 1208 1690 omnibus
1229 1659 1270 1689 ut
1291 1665 1455 1701 quorsus

124 1724 307 1766 eruptura
345 1717 393 1755 sit
432 1719 670 1756 horreamus.
743 1719 846 1755 Nam
883 1716 1125 1755 iracundiam
1164 1724 1282 1766 atque
1320 1716 1455 1754 intem-

123 1781 339 1831 perantiam
374 1782 530 1821 illorum
565 1796 700 1820 sumus
739 1782 886 1832 experti
921 1781 987 1831 qui
1024 1780 1166 1820 Catoni
1201 1781 1284 1818 irati
1323 1781 1455 1819 omnia

125 1846 392 1895 perdiderunt,
432 1849 501 1886 sed
542 1847 594 1886 ita
633 1847 788 1886 lenibus
837 1846 892 1885 uti
931 1846 1166 1885 videbantur
1204 1846 1364 1884 venenis
1412 1854 1453 1883 ut

64 1923 102 1955 25
122 1923 238 1960 posse
277 1911 499 1951 videremur
538 1913 622 1951 sine
662 1914 798 1952 dolore
837 1911 1019 1959 interire3
1063 1925 1169 1949 nunc
1202 1925 1293 1950 vero
1332 1910 1453 1948 sibilis

122 1976 235 2026 vulgi,
274 1978 522 2016 sermonibus
562 1980 833 2025 honestorum,
868 1978 1023 2016 fremitu
1061 1977 1197 2015 Italiae
1231 1990 1365 2014 vereor
1403 1989 1452 2013 ne

120 2042 340 2081 exarserint.
392 2043 589 2093 Equidem
612 2045 829 2094 sperabam,
852 2051 893 2081 ut
916 2056 1033 2093 saepe
1053 2042 1171 2080 etiam
1192 2041 1300 2091 loqui
1321 2049 1449 2079 tecum
1470 2052 1494 2079 2

121 2106 308 2153 solebam,
346 2107 401 2146 sic
440 2109 576 2147 orbem
616 2108 670 2146 rei
709 2108 891 2158 publicae
930 2121 1015 2145 esse
1050 2120 1281 2145 conversum
1316 2113 1358 2143 ut
1389 2105 1450 2143 vix

119 2170 292 2208 sonitum
323 2172 469 2218 audire,
501 2173 564 2210 vix
595 2173 824 2223 impressam
860 2171 1027 2210 orbitam
1057 2171 1188 2210 videre
1218 2183 1450 2220 possemus;

60 2247 100 2277 30
119 2243 157 2273 et
188 2236 323 2274 fuisset
353 2236 416 2283 ita,
440 2237 471 2275 si
502 2237 682 2276 homines
713 2236 919 2275 transitum
951 2235 1193 2285 tempestatis
1225 2243 1449 2284 exspectare

161 2340 182 2370 6
205 2339 255 2378 et]
274 2350 327 2370 me
345 2340 404 2370 tibi
423 2345 458 2370 ut
475 2341 554 2371 coni.
580 2339 770 2381 Wesenberg
785 2352 792 2372 :
806 2340 884 2380 sort.
906 2350 958 2370 me
1111 2349 1149 2369 10
1174 2343 1308 2368 centum
1326 2337 1449 2367 Scln'itz

120 2392 156 2411 12
177 2386 249 2422 post
266 2382 368 2414 libros
380 2383 456 2416 add.
475 2384 661 2414 Alexandri
677 2383 872 2423 IVesenberg,
889 2384 925 2423 cf.
943 2393 994 2413 22.
1013 2392 1029 2421 7
1124 2391 1160 2419 13
1186 2381 1236 2422 et]
1256 2391 1317 2412 nec
1334 2381 1442 2420 vulg:

117 2430 177 2462 est,
199 2431 232 2456 et
251 2426 333 2456 Boot
421 2427 522 2467 nihil]
542 2438 609 2457 non
630 2427 712 2457 nihil
731 2428 809 2458 coni.
833 2426 1023 2465 lVese›1be›g
1037 2425 1120 2455 Boot
