1732 2661
686 127 1007 166 PRAEFATIO

337 239 407 273 hoc
442 240 590 283 plenum
626 249 718 282 opus
752 238 855 271 aleae
887 236 1035 270 vixdum
1070 244 1210 272 certum
1239 238 1353 272 videri
1384 238 1507 283 possit,

336 297 466 331 melius
490 296 557 331 erit
582 297 649 330 has
674 301 825 329 cunctas
850 295 1107 330 adnotationes
1132 295 1167 329 in
1193 297 1402 341 praesentia
1428 308 1508 340 pro-

336 354 474 388 miscue
498 353 562 388 M²
586 365 729 388 vocare.
779 354 828 386 Vt
856 360 910 388 est
937 354 1052 387 codex
1078 355 1309 399 conscriptus
1333 367 1355 388 a
1378 354 1509 389 scribis

336 413 505 456 indoctis
525 412 708 447 erroribus
731 411 856 445 multis
879 411 1175 456 transcriptionis
1197 419 1231 447 et
1255 413 1508 457 neglegentiae

335 477 453 504 scatet
473 470 537 504 sed
555 470 674 504 nullas
692 469 748 503 vel
766 480 971 514 perpaucas
992 470 1229 504 correctionis
1247 470 1508 515 temptationes

335 540 530 573 perpessus
553 535 620 563 est.
673 529 802 573 Itaque
821 526 887 560 llll
909 527 1107 573 plurimum
1129 529 1272 564 valet¹:
1302 530 1365 564 sed
1386 541 1449 574 per
1471 541 1509 563 se

336 587 456 632 ipsum
478 587 649 622 omnibus
668 587 749 621 aliis
766 599 840 621 non
859 593 1045 633 praestatg
1073 594 1176 622 tanta
1193 589 1291 623 enim
1309 595 1364 623 est
1386 589 1509 632 negle-

334 646 460 690 gentia
491 645 693 680 scribarum
722 652 761 680 ut
789 645 937 679 codices
965 657 1008 680 ex
1035 650 1057 678 Σ
1084 647 1296 680 necessario
1322 647 1370 680 ad
1396 645 1507 679 corri-

335 705 474 748 gendas
501 704 730 749 corruptelas
757 709 792 738 et
819 704 970 737 lacunas
996 706 1130 738 multas
1155 707 1378 750 supplendas
1401 705 1507 739 adhi-

334 763 446 796 bendi
470 762 552 797 sint.
576 763 745 796 Lacunas
765 761 799 795 in
819 762 870 795 M
885 768 922 795 ut
942 761 1000 798 xii.
1027 772 1079 796 12,
1102 772 1141 807 13
1168 763 1240 796 xiii.
1263 773 1292 806 3.
1317 773 1327 796 1
1346 776 1355 807 3
1384 763 1454 796 xiii.
1476 773 1507 806 9.

337 829 351 854 1
374 831 417 854 ex
435 819 579 854 usitatis
599 819 718 854 causis
738 818 822 853 oriri
842 826 941 864 patet
959 831 1079 865 neque
1101 832 1145 855 ex
1168 820 1448 865 interpolatione
1472 821 1507 854 in

335 882 357 910 Σ
372 877 385 896 ²
405 878 564 912 intrusas
582 889 664 912 esse
683 877 888 922 putandum
907 883 973 911 est.

179 949 197 971 s
213 952 248 965 =
264 937 380 971 codex
398 936 558 971 Vrbinas
582 936 617 970 in
639 936 864 970 bibliotheca
882 936 1065 970 Vaticana
1084 946 1150 980 322
1172 937 1280 972 saecl.
1300 950 1355 972 xv,
1410 938 1506 971 Con-

332 995 423 1030 tinet
450 996 543 1040 Epp.
567 995 615 1029 ad
641 996 741 1028 Brut.
765 993 785 1037 i,
808 995 849 1038 Q.
872 995 944 1037 Fr„
966 995 1060 1037 Oct.,
1083 996 1159 1029 Att.
1212 996 1426 1029 Simillimus
1452 1003 1506 1029 est

336 1054 505 1087 Mediceo
544 1052 634 1097 (M),
667 1053 733 1086 sed
767 1063 841 1085 non
877 1063 920 1085 ex
954 1064 997 1086 eo
1032 1060 1131 1086 ortus
1166 1060 1220 1087 est
1251 1065 1333 1087 cum
1365 1059 1508 1098 praeter

334 1118 455 1146 cetera
481 1110 550 1145 loci
580 1111 601 1145 i.
631 1112 681 1145 18.
712 1119 810 1154 1-19.
840 1119 877 1144 11
904 1117 939 1144 et
962 1110 1031 1145 xvi.
1062 1112 1114 1145 16.
1140 1112 1229 1145 &18
1254 1111 1288 1145 in
1312 1110 1358 1145 M
1378 1111 1505 1145 omissi

335 1169 371 1203 in
406 1181 424 1203 s
457 1181 530 1203 non
565 1175 735 1204 careant:
782 1167 905 1213 itaque
935 1173 961 1200 Δ
992 1169 1259 1204 adscribendus
1294 1170 1346 1204 sui
1381 1178 1505 1205 tamen

334 1226 420 1261 iuris
447 1234 513 1261 est.

334 1287 448 1320 codex
476 1284 726 1320 Berolinensis
753 1284 839 1318 olim
867 1283 902 1319 in
929 1284 1153 1320 bibliotheca
1182 1286 1463 1321 Hamiitoniana
1487 1298 1507 1321 a

335 1343 473 1387 Poggio
492 1355 591 1378 anno
610 1344 697 1385 1408
714 1342 931 1387 descriptus.
977 1344 1060 1388 Quo
1078 1343 1225 1378 nomine
1241 1344 1285 1378 sit
1301 1345 1504 1387 habendus,

333 1409 465 1445 utrum,
494 1408 533 1437 ut
562 1408 665 1446 putat
697 1401 877 1444 Schmidt,
908 1401 942 1435 in
970 1406 996 1434 Δ
1024 1402 1070 1436 sit
1100 1403 1292 1446 ponendus
1323 1410 1360 1436 ut
1390 1416 1432 1437 ex
1460 1404 1507 1436 M

332 1467 527 1505 postquam
543 1459 738 1494 Coluccius
754 1471 837 1494 eum
853 1459 1018 1493 codicem
1031 1467 1235 1494 correxerat
1248 1460 1504 1505 transcriptus,

331 1531 390 1561 an,
422 1525 460 1553 ut
496 1519 737 1552 Lehmannus
772 1517 972 1560 contendit,
1005 1518 1050 1552 de
1084 1529 1127 1551 eo
1161 1519 1299 1552 nullum
1332 1518 1505 1552 iudicium

332 1578 454 1611 adhuc
474 1577 548 1610 fieri
569 1576 697 1621 possit,
719 1575 824 1610 valde
844 1576 1007 1610 dubium.
1055 1576 1181 1610 Codex
1199 1575 1297 1610 haud
1317 1576 1505 1611 dissimilis

332 1643 385 1670 est
408 1635 631 1670 Harleianus
653 1644 754 1678 2491.

231 1724 288 1760 Ex
323 1722 507 1760 codicum
542 1721 763 1759 ENHOP
793 1728 861 1758 aut
894 1721 1020 1759 ΕΘΚ
1050 1728 1119 1759 aut
1157 1722 1277 1760 ORP
1308 1734 1503 1760 consensu

177 1789 383 1826 Lehmann
408 1801 510 1837 quae
531 1787 643 1826 fuerit
669 1786 786 1825 lectio
810 1788 958 1825 codicis
979 1788 1009 1829 Σ
1029 1786 1169 1836 dispici
1190 1796 1324 1837 putat3
1354 1796 1390 1826 et
1413 1787 1504 1826 inde

175 1866 360 1902 apparere
383 1855 411 1893 Σ
433 1854 490 1890 sui
514 1852 604 1890 iuris
627 1865 712 1890 esse
733 1865 862 1902 neque
882 1866 929 1890 ex
951 1857 983 1889 Δ
1005 1852 1075 1902 (sc.
1098 1854 1151 1889 M
1167 1854 1228 1890 vel
1249 1852 1283 1903 s)
1307 1854 1504 1902 pendereg

176 1919 283 1967 quod
308 1931 442 1955 verum
469 1931 553 1955 esse
579 1916 710 1955 videre
734 1916 876 1967 poterit
900 1918 931 1955 si
956 1915 1043 1967 quis
1064 1915 1244 1967 inspiciet
1265 1918 1382 1955 verba
1402 1931 1503 1966 quae

176 1981 212 2019 in
235 1988 266 2020 Δ
289 1982 433 2020 omissa
454 1981 615 2021 inventa
636 1991 726 2020 sunt
749 1982 784 2020 in
810 1985 848 2029 Σ,
872 1985 977 2021 velut
1000 1985 1021 2020 i.
1045 1997 1080 2030 4.
1104 1996 1152 2032 33
1187 1994 1243 2031 17.
1271 1994 1313 2030 7:
1346 1982 1380 2019 ii.
1406 1997 1434 2019 1.
1459 1997 1502 2021 1:

179 1285 262 1319 Ber.

173 2085 280 2124 Brt'tse
303 2085 425 2116 Ct‘ceros
448 2097 492 2116 (ιιι
516 2085 659 2125 Atticus,
687 2086 725 2123 Q.
755 2086 868 2119 Ciscro,
894 2086 940 2116 M.
964 2085 1094 2115 Brulzrs
1118 2086 1151 2115 1⁶11
1176 2085 1289 2115 Ilalien
1313 2096 1353 2115 ex
1378 2085 1442 2115 vol.
1468 2097 1500 2116 x.

177 2129 468 2168 ‘Abhandlungen
507 2130 567 2158 der
602 2129 1068 2168 philologisch-liistorischen
1105 2129 1222 2158 Classe
1261 2129 1321 2158 der
1361 2129 1498 2168 Konigl.

175 2172 397 2203 Sachsischen
419 2172 643 2203 Gesellschart
661 2174 721 2202 der
738 2172 1056 2202 wissenschaften?

217 2215 226 2233 ¹
253 2216 336 2245 Cum
358 2216 481 2246 nullius
500 2216 626 2245 codicis
645 2216 708 2245 nisi
726 2216 767 2245 M
781 2216 1003 2246 conlationem
1024 2215 1154 2254 plenam
1177 2216 1284 2245 adhuc
1305 2215 1497 2254 habeamus,

175 2259 262 2297 quod
289 2260 402 2293 sciam,
432 2259 630 2297 ubicumque
660 2259 759 2289 verba
788 2265 943 2297 corrupta
973 2260 1005 2288 in
1036 2263 1131 2289 textu
1161 2259 1379 2297 relinquenda
1408 2264 1497 2298 sunt,

174 2302 351 2331 lectionem
370 2301 411 2331 M
424 2303 510 2333 dedi.

216 2345 228 2364 ²
252 2345 336 2374 Vide
360 2355 493 2383 quoque
517 2355 601 2384 quae
625 2345 781 2384 exempla
805 2345 889 2375 infra
912 2350 1074 2384 congesta
1096 2349 1173 2375 sunt
1195 2345 1315 2384 quibus
1339 2347 1362 2376 Σ
1383 2346 1500 2375 melior

172 2394 222 2417 est
241 2399 337 2427 quam
357 2393 394 2418 Δ.
