1773 2651
180 209 297 246 VIII.
318 210 377 246 xii
396 221 419 246 A
658 210 712 246 M.
745 209 912 246 TVLLI
945 208 1250 247 CICERONIS

233 330 257 356 2

234 784 258 820 3

235 1565 262 1604 4

333 323 450 359 Nunc
481 308 619 359 scitote
650 335 712 358 mc
740 334 824 358 esse
854 320 892 357 in
921 334 1074 358 summa
1104 319 1378 357 sollicitudine.
1438 320 1541 356 Nam
1573 326 1610 356 et

278 394 333 423 tot
365 395 403 424 et
436 387 520 424 talis
553 386 654 424 viros
689 386 862 436 periculo
894 385 1113 424 obsidionis
1140 385 1302 422 liberare
1330 383 1447 434 cupio
1482 397 1610 433 neque

276 450 454 489 subsidio
482 451 534 488 ire
565 464 736 500 possum,
760 451 867 500 quod
898 449 957 487 his
988 450 1142 487 duabus
1169 448 1389 499 legionibus
1415 462 1494 485 non
1515 456 1611 498 puto

278 530 363 554 esse
402 515 732 553 committendum
773 523 814 552 ut
853 514 945 552 illuc
979 516 1183 561 ducantur,
1218 528 1263 552 ex
1302 513 1445 563 quibus
1480 521 1611 550 tamen

278 595 357 619 non
396 581 563 631 amplius
603 593 697 618 xlm
738 580 910 619 cohortis
949 581 1179 618 contrahere
1213 579 1333 629 potui,
1369 579 1476 628 quod
1514 580 1645 615 duas·

280 647 532 685 Brundisium
564 646 650 684 misi
681 660 810 696 neque
840 645 1057 685 Canusium
1089 645 1172 682 sine
1199 644 1404 694 praesidio,
1428 645 1523 682 dum
1547 644 1611 682 ab-

277 725 415 759 essem,
448 712 581 761 putavi
611 725 695 749 esse
726 708 1017 749 dimittendum.

334 779 381 814 D.
407 776 541 814 Laelio
562 777 802 823 mandaram,
826 776 934 825 quod
962 774 1128 812 maiores
1155 773 1288 823 copias
1312 774 1517 823 sperabam
1540 787 1611 812 nos

279 842 490 889 habituros,
516 850 567 889 ut,
597 841 627 879 si
658 841 769 879 vobis
799 841 1004 888 videretur,
1028 842 1123 878 alter
1153 848 1237 877 uter
1266 847 1435 877 vestrum
1466 840 1517 877 ad
1549 853 1612 877 me

277 906 435 953 veniret,
469 908 565 945 alter
599 906 639 944 in
673 906 845 945 Siciliam
877 919 967 944 cum
1002 918 1047 943 ea
1082 904 1195 954 copia
1226 917 1344 954 quam
1381 905 1540 953 Capuae
1574 912 1611 942 et

277 972 423 1010 circum
464 973 643 1021 Capuam
682 970 937 1021 comparastis
976 977 1013 1008 et
1056 983 1146 1007 cum
1186 968 1231 1006 iis
1280 968 1467 1006 militibus
1512 982 1611 1018 quos

280 1039 444 1075 Faustus
474 1036 565 1087 legit
593 1036 912 1086 proficisceretur,
937 1037 1135 1075 Domitius
1163 1050 1252 1074 cum
1281 1048 1340 1073 xil
1372 1036 1450 1073 suis
1478 1037 1613 1074 cohor-

278 1102 382 1140 tibus
396 1103 539 1141 eodem
554 1102 839 1152 adiungeretur,
858 1102 1030 1152 reliquae
1047 1102 1184 1152 copiae
1201 1115 1338 1140 omnes
1359 1101 1610 1139 Brundisium

280 1175 510 1217 cogerentur
544 1175 582 1205 et
617 1167 708 1205 inde
747 1167 912 1205 navibus
954 1168 1213 1217 Dyrrachium
1249 1176 1609 1218 transportarentur.

281 1234 399 1270 Nunc
420 1247 509 1271 cum
532 1234 608 1271 hoc
629 1241 805 1283 tempore
826 1233 949 1271 nihilo
971 1233 1091 1284 magis
1112 1247 1185 1284 ego
1205 1247 1324 1284 quam
1345 1247 1413 1272 vos
1434 1233 1612 1271 subsidio

282 1297 460 1335 Domitio
491 1298 544 1336 ire
574 1298 721 1347 possim
752 1329 759 1335 .
792 1328 799 1336 .
832 1329 841 1338 .
873 1312 914 1336 se
944 1312 1012 1348 per
1042 1299 1186 1337 montis
1216 1299 1420 1349 explicare,
1445 1312 1525 1336 non
1555 1306 1613 1336 est

280 1362 395 1400 nobis
425 1363 754 1401 committendum
785 1371 826 1401 ut
856 1365 906 1401 ad
936 1365 1006 1401 has
1036 1376 1130 1401 xlm
1161 1364 1332 1402 cohortis
1363 1377 1459 1414 quas
1491 1363 1614 1401 dubio

279 1428 413 1466 animo
448 1429 577 1466 habco
616 1428 738 1466 hostis
769 1430 956 1468 accedere
987 1437 1054 1467 aut
1087 1429 1127 1467 in
1159 1429 1295 1468 itinere
1328 1443 1390 1468 me
1425 1428 1614 1478 consequi

281 1493 413 1542 possit.

338 1560 468 1607 Quam
509 1559 560 1596 ob
600 1573 680 1596 rem
720 1559 906 1609 placitum
943 1569 999 1600 est
1040 1562 1134 1600 mihi
1167 1564 1275 1613 <talia
1308 1563 1424 1602 video
1462 1561 1611 1601 censeri

283 1625 337 1660 M.
365 1625 553 1662 Marcello
580 1632 617 1662 et
644 1624 781 1662 ceteris
809 1626 929 1664 nostri
956 1627 1103 1666 ordinis
1130 1629 1197 1679 qui
1218 1630 1281 1668 hic
1302 1630 1408 1678 sunt)
1430 1637 1472 1667 ut
1494 1631 1615 1666 Brun-

280 1688 422 1727 disium
454 1690 639 1727 ducerem
672 1691 774 1728 hanc
803 1691 958 1740 copiam
994 1707 1112 1743 quam
1146 1709 1301 1734 mecum
1333 1695 1472 1733 habeo.
1532 1695 1614 1731 Vos

280 1755 413 1793 hortor
444 1762 485 1792 ut
520 1756 802 1805 quodcumque
837 1757 1005 1795 militum
1045 1763 1274 1800 contrahere
1312 1760 1487 1811 poteritis
1526 1772 1616 1797 con-

280 1820 438 1858 trahatis
483 1829 520 1858 et
568 1822 709 1859 eodem
759 1824 1013 1863 Brundisium
1058 1827 1221 1865 veniatis
1266 1840 1383 1876 quam
1430 1824 1609 1874 primum.

279 1887 400 1923 Arma
420 1899 520 1935 quae
548 1887 597 1923 ad
626 1900 688 1924 me
716 1887 869 1926 missuri
897 1890 1021 1938 eratis,
1044 1892 1089 1929 iis
1119 1906 1262 1931 censeo
1291 1891 1447 1930 armetis
1469 1891 1610 1929 milites

280 1964 379 2000 quos
417 1950 622 1989 vobiscum
662 1953 824 1991 habetis.
905 1958 1018 2005 Quae
1056 1972 1164 1996 arma
1201 1959 1452 2008 superabunt,
1494 1971 1539 1995 ea
1581 1955 1612 1993 si

283 2015 535 2054 Brundisium
566 2016 750 2057 iumentis
782 2022 1039 2071 deportaritis,
1063 2025 1316 2062 vehementer
1345 2023 1398 2061 rei
1433 2022 1614 2072 publicae

282 2081 512 2131 profueritis.
566 2085 626 2121 De
648 2086 721 2123 hac
743 2100 782 2124 re
804 2087 919 2125 velim
941 2096 1095 2126 nostros
1116 2088 1297 2127 certiores
1318 2087 1476 2126 faciatis.
1529 2089 1614 2137 Ego

325 2198 343 2226 5
369 2188 452 2218 duas
476 2188 552 2219 add.
573 2189 736 2227 Brirlzeler,
757 2190 792 2230 (f.
811 2201 840 2230 3.
861 2201 877 2230 7
1039 2193 1077 2222 16
1101 2193 1134 2222 in
1160 2193 1278 2222 lacuna
1302 2191 1376 2222 add.
1405 2191 1476 2231 ipse
1502 2196 1613 2221 autem

282 2231 424 2262 sortasse
442 2233 551 2271 possit
575 2233 773 2274 H'csenlmg.
797 2245 906 2274 neque
925 2235 996 2272 ipse
1014 2236 1121 2274 possit
1145 2235 1267 2267 Tvrrcll
1354 2245 1396 2265 20
1420 2235 1498 2265 talia
1515 2235 1613 2265 video

287 2275 426 2314 ijrrell:
462 2277 541 2306 altia
562 2267 748 2313 <1¹cl'alcia‘f)
767 2278 867 2308 video
893 2277 961 2310 MZ
984 2279 1101 2309 codices
1127 2279 1334 2317 Malaspinae
1350 2279 1402 2318 (cf.
1425 2286 1535 2308 tamen
1553 2278 1612 2308 lari

279 2324 337 2358 pro
354 2320 531 2350 lamentari
551 2321 582 2350 in
603 2321 644 2350 M
657 2320 765 2352 ad11.
781 2323 809 2352 Il
828 2333 835 2352 ε
860 2332 898 2352 ac
912 2324 1038 2361 (atque
1055 2323 1152 2352 video
1168 2324 1213 2353 ita
1227 2321 1337 2353 Mam:
1364 2333 1427 2352 nec
1438 2322 1503 2352 alia
1514 2322 1613 2351 video

284 2362 385 2392 Reid:
409 2363 561 2393 adhibito
582 2363 729 2404 Madvig.
780 2365 899 2394 Paullo
916 2365 1076 2395 audacius
1092 2367 1196 2396 locum
1211 2366 1338 2404 refingit
1353 2365 1476 2395 Mz'iller
1490 2365 1612 2404 placet-

282 2417 348 2443 que
373 2407 461 2437 idern
489 2408 525 2438 L.
553 2407 688 2437 Caesari
715 2407 759 2438 M.
780 2408 939 2438 Marcello
1038 2410 1169 2439 censeri
1196 2409 1311 2439 codices
1336 2407 1542 2447 Malaspinae
1570 2401 1614 2438 Zb

285 2448 393 2479 illam:
421 2451 551 2480 censori
571 2450 615 2482 M.
634 2444 690 2482 ZI:
719 2452 855 2481 censor?
870 2451 944 2483 M¹2
971 2452 996 2481 C
1016 2452 1213 2493 Asflladvig
1331 2463 1371 2491 24
1397 2453 1513 2482 eadem
1531 2452 1608 2481 cons.

286 2493 369 2522 Reid
457 2494 675 2524 Brundisium
693 2494 752 2525 del.
772 2494 867 2525 Man.

1630 601 1646 621 ὓ

1634 916 1672 938 10

1637 1247 1671 1277 Ι5

1633 1571 1672 1593 20

1633 1896 1670 1928 25
