1732 2661
232 173 262 210 I.
282 173 358 209 xix
646 174 699 209 M.
733 173 900 209 TVLLI
933 173 1238 210 CICERONIS

238 294 262 330 3
283 283 392 322 filius.
454 286 586 333 Atque
622 284 696 320 'noc
732 284 820 320 loco
859 283 955 320 lllud
990 296 1070 320 non
1110 296 1213 331 queo
1245 282 1462 332 praeterire,
1499 283 1607 332 quod

281 363 371 387 cum
392 350 442 386 de
463 347 735 386 consularibus
758 360 844 384 mea
865 346 989 395 prima
1011 360 1092 384 sors
1114 346 1265 393 exisset,
1285 360 1363 384 una
1382 360 1479 384 voce
1501 359 1608 384 sena-

281 422 341 451 tus
368 415 551 462 frequens
584 412 834 450 retinendum
868 425 930 449 me
962 411 1001 448 in
1032 412 1128 449 urbe
1153 411 1315 449 censuit.
1377 413 1470 449 Hoc
1500 411 1606 449 idem

280 485 368 527 post
397 492 458 515 me
481 477 672 527 Pompeio
700 476 854 522 accidit,
879 484 920 514 ut
948 490 1020 514 nos
1048 478 1128 514 duo
1153 476 1263 526 quasi
1284 476 1447 526 pignora
1468 475 1520 514 rei
1542 490 1608 526 pu-

281 542 406 580 blicae
435 541 589 580 retineri
621 541 850 579 videremur.
914 541 1021 589 Quid
1050 541 1154 578 enim
1183 554 1254 590 ego
1282 540 1447 578 aliorum
1478 540 1516 578 in
1546 554 1608 579 me
1629 557 1645 588 5

279 608 545 657 ἐπιφοψήματα
565 615 788 656 exspectem
810 620 900 644 cum
922 608 1019 644 haec
1041 606 1149 644 domi
1171 608 1411 644 nascantur?

233 684 258 721 4
333 672 516 710 Vrbanae
539 680 672 710 autem
694 685 753 709 res
775 671 830 709 sic
858 685 899 709 se
932 671 1088 709 habent.
1150 671 1310 720 Agraria
1334 672 1394 708 lex
1422 684 1445 709 a
1474 671 1608 710 Flavio

279 737 437 776 tribuno
466 739 516 787 pl.
541 739 794 775 vehementer
821 736 1041 786 agitabatur
1070 744 1229 774 auctore
1261 736 1476 785 Pompeio:
1506 750 1607 786 quae

278 802 374 840 nibil
395 804 582 852 populare
603 803 775 841 habebat
796 810 947 852 praeter
971 810 1181 840 auctorem.
1244 804 1302 840 Ex
1326 803 1399 840 hac
1426 816 1499 851 ego
1524 803 1608 851 lege

278 869 452 906 secunda
482 868 677 906 contionis
708 869 908 905 voluntate
944 867 1077 905 onmia
1111 867 1175 905 illa
1210 867 1396 905 tollebam
1427 880 1527 916 quae
1556 868 1607 904 ad
1634 884 1668 904 ιο

277 933 515 984 privatorum
564 933 864 971 incommodum
909 932 1170 982 pertinebant,
1210 932 1424 970 liberabam
1472 945 1607 981 agrum

278 1013 367 1037 eum
390 998 456 1049 qui
479 1001 518 1036 P.
541 998 687 1044 Mucio,
709 999 750 1035 L.
771 997 986 1047 Calpurnio
1009 997 1237 1035 consulibus
1258 996 1439 1047 publicus
1461 996 1605 1043 fuisset,

278 1065 527 1102 Sullanorum
563 1063 770 1101 hominum
806 1062 1076 1112 possessiones
1110 1062 1405 1108 confirmabam,
1434 1062 1609 1099 Volater-

278 1143 393 1167 ranos
427 1137 465 1167 et
494 1128 708 1174 Arretinos,
731 1141 899 1177 quorum
926 1141 1061 1177 agrum
1094 1129 1200 1165 Sulla
1231 1126 1448 1176 publicarat
1480 1140 1608 1176 neque

278 1194 470 1241 diviserat,
505 1194 544 1232 in
584 1207 653 1231 sua
692 1192 940 1243 possessione
979 1193 1221 1239 retinebam;
1262 1206 1379 1230 unam
1416 1192 1608 1231 rationem
1632 1209 1668 1240 15

278 1274 358 1298 non
393 1259 613 1305 reiciebam,
647 1266 688 1296 ut
717 1272 807 1308 ager
836 1259 909 1296 hac
942 1258 1164 1296 adventicia
1200 1258 1367 1308 pecunia
1403 1266 1608 1306 emeretur,

278 1339 379 1375 quae
408 1340 454 1363 ex
486 1325 596 1363 novis
629 1324 884 1373 vectigalibus
914 1337 982 1373 per
1013 1323 1328 1373 quinquennium
1361 1324 1604 1374 reciperetur.

280 1391 387 1429 Huic
419 1390 489 1429 toti
522 1390 661 1428 rationi
700 1389 870 1440 agrariae
902 1397 1059 1427 senatus
1093 1390 1371 1427 adversabatur
1406 1390 1609 1440 suspicans

279 1456 470 1506 Pompeio
509 1470 652 1494 novam
691 1456 891 1505 quandam
931 1455 1149 1505 potentiam
1189 1456 1347 1505 quaeri;
1397 1456 1609 1506 Pompeius

278 1534 369 1559 vero
407 1522 457 1559 ad
496 1522 738 1559 voluntatem
778 1521 1031 1570 perferendae
1071 1520 1165 1570 legis
1207 1520 1448 1559 incubuerat.
1526 1523 1610 1571 Ego
1633 1534 1671 1555 20

277 1593 408 1624 autem
440 1600 581 1636 magna
601 1600 691 1624 cum
712 1585 949 1635 agrariorum
976 1586 1097 1636 gratia
1125 1587 1408 1625 confirmabam
1431 1587 1609 1626 omnium

279 1650 515 1700 privatorum
536 1651 805 1701 possessiones
824 1666 830 1695 ;
860 1651 890 1688 is
913 1651 1017 1689 enim
1036 1659 1093 1689 est
1116 1659 1247 1690 noster
1268 1652 1458 1690 exercitus
1487 1653 1609 1690 homi-

279 1730 384 1762 num,
408 1725 449 1754 ut
477 1725 558 1755 tute
586 1717 670 1763 scis,
690 1717 973 1767 locupletium3
1005 1720 1154 1767 populo
1184 1726 1316 1757 autem
1348 1727 1386 1757 et
1418 1718 1608 1768 Pompeio

279 1781 387 1830 (nam
410 1781 448 1819 id
470 1795 628 1831 quoque
649 1781 849 1831 volebam)
871 1782 962 1820 satis
984 1783 1175 1822 faciebam
1193 1784 1404 1834 emptione,
1421 1798 1498 1833 qua
1518 1797 1608 1821 con-

279 1845 412 1884 stituta
432 1846 637 1896 diligenter
663 1855 701 1885 et
729 1848 923 1887 sentinam
946 1850 1051 1888 urbis
1073 1850 1263 1888 exhauriri
1291 1858 1329 1888 et
1358 1850 1494 1888 Italiae
1522 1849 1608 1888 soli·
1631 1860 1665 1890 25

279 1911 456 1949 tudinem
492 1912 726 1961 frequentari
759 1928 874 1963 posse
907 1915 1130 1953 arbitrabar.
1192 1916 1268 1953 Sed
1304 1916 1401 1953 haec
1433 1922 1515 1953 tota
1549 1928 1608 1952 res

279 1976 523 2026 interpellata
562 1978 665 2015 bello
714 1979 918 2017 refrixerat.
1000 1982 1184 2018 Metellus
1223 1988 1280 2018 est
1328 1981 1466 2018 consul
1515 1993 1608 2017 sane

281 2042 407 2079 bonus
438 2050 475 2079 et
505 2056 576 2080 nos
606 2045 823 2082 admodum
864 2045 1012 2094 diligit:
1052 2045 1116 2083 ille
1145 2047 1240 2083 alter
1272 2045 1367 2082 nihil
1395 2045 1448 2083 ita
1479 2052 1536 2083 est
1566 2054 1607 2083 ut

238 2115 260 2153 5
280 2108 394 2156 plane
426 2108 520 2156 quid
553 2109 688 2147 emerit
720 2110 876 2148 nesciat.
941 2113 1054 2148 Haec
1083 2118 1173 2148 sunt
1204 2111 1243 2148 in
1274 2125 1312 2148 re
1342 2111 1508 2160 publica,
1533 2110 1605 2147 nisi

279 2172 395 2209 etiam
430 2173 525 2210 illud
556 2175 606 2211 ad
638 2188 717 2211 rem
752 2175 950 2224 publicam
979 2183 1092 2224 putas
1120 2175 1324 2224 pertinere,
1358 2174 1605 2213 Herennium
1628 2185 1666 2215 50

322 2276 343 2304 6
368 2282 548 2306 nascantur
584 2276 635 2305 N:
687 2277 906 2307 innascantur
933 2279 1021 2308 celeri
1050 2278 1166 2309 codd.:
1208 2279 1248 2308 mi
1280 2283 1461 2308 nascantur
1488 2279 1610 2308 Mzssiller

284 2327 317 2347 11
345 2318 525 2349 liberabam
553 2319 669 2350 Alam:
696 2331 801 2350 -arem
822 2321 886 2352 cod.
915 2321 1129 2361 Poggianus:
1170 2332 1274 2352 -aram
1302 2321 1387 2352 rodel.
1507 2332 1548 2360 23
1572 2327 1606 2352 et

281 2361 347 2392 Ns:
371 2362 633 2393 0112.cele1·1'c0dd.
726 2366 767 2393 28
792 2365 874 2394 nihil
890 2365 936 2394 vel
952 2365 996 2394 nil
1014 2365 1100 2395 codd.
1119 2376 1124 2394 :
1152 2366 1244 2394 nihili
1268 2364 1456 2405 lVesenberg
1564 2375 1607 2404 29

280 2404 359 2442 quid
377 2406 497 2435 emerit
516 2405 560 2435 C:
594 2407 729 2445 quidem
750 2408 813 2448 (vel
827 2408 921 2448 quid)
941 2409 1003 2438 erit
1022 2409 1085 2447 &vel
1100 2413 1150 2438 est
1168 2409 1216 2438 vel
1231 2409 1286 2447 sit)
1306 2409 1396 2439 codd.
