<?xml version="1.0" encoding="UTF-8"?>
<!DOCTYPE html PUBLIC "-//W3C//DTD XHTML 1.0 Transitional//EN"
    "http://www.w3.org/TR/xhtml1/DTD/xhtml1-transitional.dtd">
<html xmlns="http://www.w3.org/1999/xhtml" xml:lang="en" lang="en">
 <head>
  <title>
</title>
<meta http-equiv="Content-Type" content="text/html;charset=utf-8" />
  <meta name='ocr-system' content='tesseract 3.04.00' />
  <meta name='ocr-capabilities' content='ocr_page ocr_carea ocr_par ocr_line ocrx_word'/>
</head>
<body>
  <div class='ocr_page' id='page_1' title='image "./p1epistulaerecog02ciceuoft_0024.png"; bbox 0 0 1732 2661; ppageno 0'>
   <div class='ocr_carea' id='block_1_1' title="bbox 206 187 235 224">
    <p class='ocr_par' dir='ltr' id='par_1_1' title="bbox 206 187 235 224">
     <span class='ocr_line' id='line_1_1' title="bbox 206 187 235 224; baseline -0.034 0"><span class='ocrx_word' id='word_1_1' title='bbox 206 187 235 224; x_wconf 94' lang='lat' dir='ltr'>I.</span> 
     </span>
    </p>
   </div>
   <div class='ocr_carea' id='block_1_2' title="bbox 200 437 225 464">
    <p class='ocr_par' dir='ltr' id='par_1_2' title="bbox 200 437 225 464">
     <span class='ocr_line' id='line_1_2' title="bbox 200 437 225 464; baseline 0 0"><span class='ocrx_word' id='word_1_2' title='bbox 200 437 225 464; x_wconf 91' lang='lat'><strong>2</strong></span> 
     </span>
    </p>
   </div>
   <div class='ocr_carea' id='block_1_3' title="bbox 205 1802 229 1838">
    <p class='ocr_par' dir='ltr' id='par_1_3' title="bbox 205 1802 229 1838">
     <span class='ocr_line' id='line_1_3' title="bbox 205 1802 229 1838; baseline 0 0"><span class='ocrx_word' id='word_1_3' title='bbox 205 1802 229 1838; x_wconf 90' lang='lat'>3</span> 
     </span>
    </p>
   </div>
   <div class='ocr_carea' id='block_1_4' title="bbox 263 186 1210 224">
    <p class='ocr_par' dir='ltr' id='par_1_4' title="bbox 263 186 1210 224">
     <span class='ocr_line' id='line_1_4' title="bbox 263 186 1210 224; baseline 0 -1"><span class='ocrx_word' id='word_1_4' title='bbox 263 187 276 223; x_wconf 92' lang='lat' dir='ltr'>i</span> <span class='ocrx_word' id='word_1_5' title='bbox 614 188 668 223; x_wconf 84' lang='lat' dir='ltr'>M.</span> <span class='ocrx_word' id='word_1_6' title='bbox 702 187 871 223; x_wconf 69' lang='lat' dir='ltr'>TVLLI</span> <span class='ocrx_word' id='word_1_7' title='bbox 903 186 1210 224; x_wconf 88' lang='lat' dir='ltr'>CICERONIS</span> 
     </span>
    </p>
   </div>
   <div class='ocr_carea' id='block_1_5' title="bbox 244 296 1575 543">
    <p class='ocr_par' dir='ltr' id='par_1_5' title="bbox 244 296 1575 543">
     <span class='ocr_line' id='line_1_5' title="bbox 245 296 1575 348; baseline 0 -12"><span class='ocrx_word' id='word_1_8' title='bbox 245 311 408 348; x_wconf 84' lang='lat' dir='ltr'>regnum</span> <span class='ocrx_word' id='word_1_9' title='bbox 447 297 629 336; x_wconf 88' lang='lat' dir='ltr'>iudiciale</span> <span class='ocrx_word' id='word_1_10' title='bbox 668 296 863 347; x_wconf 91' lang='lat' dir='ltr'>opposuit.</span> <span class='ocrx_word' id='word_1_11' title='bbox 943 296 1126 343; x_wconf 78' lang='lat' dir='ltr'>Catilina,</span> <span class='ocrx_word' id='word_1_12' title='bbox 1171 296 1202 334; x_wconf 92' lang='lat' dir='ltr'>si</span> <span class='ocrx_word' id='word_1_13' title='bbox 1250 296 1467 336; x_wconf 87' lang='lat' dir='ltr'>iudicatum</span> <span class='ocrx_word' id='word_1_14' title='bbox 1505 297 1575 336; x_wconf 89' lang='lat' dir='ltr'>erit</span> 
     </span>
     <span class='ocr_line' id='line_1_6' title="bbox 246 362 1575 412; baseline 0.001 -11"><span class='ocrx_word' id='word_1_15' title='bbox 246 364 407 402; x_wconf 87' lang='lat' dir='ltr'>meridie</span> <span class='ocrx_word' id='word_1_16' title='bbox 442 377 522 401; x_wconf 91' lang='lat' dir='ltr'>non</span> <span class='ocrx_word' id='word_1_17' title='bbox 558 366 698 410; x_wconf 87' lang='lat' dir='ltr'>lucere,</span> <span class='ocrx_word' id='word_1_18' title='bbox 735 371 863 401; x_wconf 84' lang='lat' dir='ltr'>certus</span> <span class='ocrx_word' id='word_1_19' title='bbox 895 362 965 400; x_wconf 92' lang='lat' dir='ltr'>erit</span> <span class='ocrx_word' id='word_1_20' title='bbox 997 362 1242 412; x_wconf 79' lang='lat' dir='ltr'>competitor.</span> <span class='ocrx_word' id='word_1_21' title='bbox 1318 364 1379 400; x_wconf 94' lang='lat' dir='ltr'>De</span> <span class='ocrx_word' id='word_1_22' title='bbox 1414 363 1575 402; x_wconf 89' lang='lat' dir='ltr'>Aufidio</span> 
     </span>
     <span class='ocr_line' id='line_1_7' title="bbox 245 427 1574 477; baseline 0 -11"><span class='ocrx_word' id='word_1_23' title='bbox 245 436 282 466; x_wconf 91' lang='lat' dir='ltr'>et</span> <span class='ocrx_word' id='word_1_24' title='bbox 310 430 360 466; x_wconf 87' lang='lat' dir='ltr'>de</span> <span class='ocrx_word' id='word_1_25' title='bbox 382 429 566 466; x_wconf 75' lang='lat' dir='ltr'>Palicano</span> <span class='ocrx_word' id='word_1_26' title='bbox 594 442 674 465; x_wconf 90' lang='lat' dir='ltr'>non</span> <span class='ocrx_word' id='word_1_27' title='bbox 707 435 803 477; x_wconf 89' lang='lat' dir='ltr'>puto</span> <span class='ocrx_word' id='word_1_28' title='bbox 831 435 869 466; x_wconf 90' lang='lat' dir='ltr'>te</span> <span class='ocrx_word' id='word_1_29' title='bbox 895 435 1120 477; x_wconf 86' lang='lat' dir='ltr'>exspectare</span> <span class='ocrx_word' id='word_1_30' title='bbox 1147 429 1243 465; x_wconf 90' lang='lat' dir='ltr'>dum</span> <span class='ocrx_word' id='word_1_31' title='bbox 1274 427 1452 465; x_wconf 86' lang='lat' dir='ltr'>scribam.</span> <span class='ocrx_word' id='word_1_32' title='bbox 1513 430 1574 466; x_wconf 92' lang='lat' dir='ltr'>De</span> 
     </span>
     <span class='ocr_line' id='line_1_8' title="bbox 244 493 1574 543; baseline 0 -13"><span class='ocrx_word' id='word_1_33' title='bbox 244 493 288 531; x_wconf 86' lang='lat' dir='ltr'>iis</span> <span class='ocrx_word' id='word_1_34' title='bbox 314 493 380 542; x_wconf 86' lang='lat' dir='ltr'>qui</span> <span class='ocrx_word' id='word_1_35' title='bbox 410 507 515 531; x_wconf 90' lang='lat' dir='ltr'>nunc</span> <span class='ocrx_word' id='word_1_36' title='bbox 540 500 678 543; x_wconf 86' lang='lat' dir='ltr'>petunt</span> <span class='ocrx_word' id='word_1_37' title='bbox 702 494 847 531; x_wconf 85' lang='lat' dir='ltr'>Caesar</span> <span class='ocrx_word' id='word_1_38' title='bbox 874 500 1002 530; x_wconf 87' lang='lat' dir='ltr'>certus</span> <span class='ocrx_word' id='word_1_39' title='bbox 1032 500 1199 542; x_wconf 89' lang='lat' dir='ltr'>putatur.</span> <span class='ocrx_word' id='word_1_40' title='bbox 1260 494 1455 530; x_wconf 87' lang='lat' dir='ltr'>Thermus</span> <span class='ocrx_word' id='word_1_41' title='bbox 1485 506 1574 530; x_wconf 91' lang='lat' dir='ltr'>cum</span> 
     </span>
    </p>
   </div>
   <div class='ocr_carea' id='block_1_6' title="bbox 244 557 1611 608">
    <p class='ocr_par' dir='ltr' id='par_1_6' title="bbox 244 557 1611 608">
     <span class='ocr_line' id='line_1_9' title="bbox 244 557 1611 608; baseline 0 -12"><span class='ocrx_word' id='word_1_42' title='bbox 244 558 377 596; x_wconf 88' lang='lat' dir='ltr'>Silano</span> <span class='ocrx_word' id='word_1_43' title='bbox 398 560 638 596; x_wconf 72' lang='lat' dir='ltr'>contendere</span> <span class='ocrx_word' id='word_1_44' title='bbox 659 558 926 605; x_wconf 78' lang='lat' dir='ltr'>existimatur3</span> <span class='ocrx_word' id='word_1_45' title='bbox 957 557 1023 607; x_wconf 88' lang='lat' dir='ltr'>qui</span> <span class='ocrx_word' id='word_1_46' title='bbox 1051 557 1106 595; x_wconf 83' lang='lat' dir='ltr'>sic</span> <span class='ocrx_word' id='word_1_47' title='bbox 1136 557 1274 608; x_wconf 82' lang='lat' dir='ltr'>inopes</span> <span class='ocrx_word' id='word_1_48' title='bbox 1301 565 1339 595; x_wconf 92' lang='lat' dir='ltr'>et</span> <span class='ocrx_word' id='word_1_49' title='bbox 1366 558 1416 595; x_wconf 91' lang='lat' dir='ltr'>ab</span> <span class='ocrx_word' id='word_1_50' title='bbox 1440 558 1575 596; x_wconf 91' lang='lat' dir='ltr'>amicis</span> <span class='ocrx_word' id='word_1_51' title='bbox 1599 572 1611 581; x_wconf 87' lang='lat'><em>·</em></span> 
     </span>
    </p>
   </div>
   <div class='ocr_carea' id='block_1_7' title="bbox 240 622 1577 1974">
    <p class='ocr_par' dir='ltr' id='par_1_7' title="bbox 240 622 1577 1776">
     <span class='ocr_line' id='line_1_10' title="bbox 243 622 1577 661; baseline 0 0"><span class='ocrx_word' id='word_1_52' title='bbox 243 631 281 661; x_wconf 91' lang='lat' dir='ltr'>et</span> <span class='ocrx_word' id='word_1_53' title='bbox 313 623 600 661; x_wconf 73' lang='lat' dir='ltr'>existimatione</span> <span class='ocrx_word' id='word_1_54' title='bbox 633 630 723 660; x_wconf 86' lang='lat' dir='ltr'>sunt</span> <span class='ocrx_word' id='word_1_55' title='bbox 756 630 797 660; x_wconf 89' lang='lat' dir='ltr'>ut</span> <span class='ocrx_word' id='word_1_56' title='bbox 833 622 929 660; x_wconf 87' lang='lat' dir='ltr'>mihi</span> <span class='ocrx_word' id='word_1_57' title='bbox 960 622 1137 660; x_wconf 86' lang='lat' dir='ltr'>videatur</span> <span class='ocrx_word' id='word_1_58' title='bbox 1171 636 1252 660; x_wconf 87' lang='lat' dir='ltr'>non</span> <span class='ocrx_word' id='word_1_59' title='bbox 1285 635 1371 660; x_wconf 82' lang='lat' dir='ltr'>esse</span> <span class='ocrx_word' id='word_1_60' title='bbox 1401 622 1577 661; x_wconf 74' lang='grc' dir='ltr'>ἀδύνατον</span> 
     </span>
     <span class='ocr_line' id='line_1_11' title="bbox 243 686 1572 737; baseline 0 -11"><span class='ocrx_word' id='word_1_61' title='bbox 243 688 408 727; x_wconf 90' lang='lat' dir='ltr'>Curium</span> <span class='ocrx_word' id='word_1_62' title='bbox 440 689 649 726; x_wconf 89' lang='lat' dir='ltr'>obducere.</span> <span class='ocrx_word' id='word_1_63' title='bbox 711 689 790 725; x_wconf 89' lang='lat' dir='ltr'>Sed</span> <span class='ocrx_word' id='word_1_64' title='bbox 829 689 906 725; x_wconf 85' lang='lat' dir='ltr'>hoc</span> <span class='ocrx_word' id='word_1_65' title='bbox 945 694 1097 737; x_wconf 89' lang='lat' dir='ltr'>praeter</span> <span class='ocrx_word' id='word_1_66' title='bbox 1131 700 1194 725; x_wconf 89' lang='lat' dir='ltr'>me</span> <span class='ocrx_word' id='word_1_67' title='bbox 1226 686 1375 725; x_wconf 87' lang='lat' dir='ltr'>nemini</span> <span class='ocrx_word' id='word_1_68' title='bbox 1410 686 1572 726; x_wconf 84' lang='lat' dir='ltr'>videtur.</span> 
     </span>
     <span class='ocr_line' id='line_1_12' title="bbox 243 751 1573 792; baseline -0.002 0"><span class='ocrx_word' id='word_1_69' title='bbox 243 753 397 792; x_wconf 84' lang='lat' dir='ltr'>Nostris</span> <span class='ocrx_word' id='word_1_70' title='bbox 437 752 653 791; x_wconf 88' lang='lat' dir='ltr'>rationibus</span> <span class='ocrx_word' id='word_1_71' title='bbox 693 752 862 790; x_wconf 88' lang='lat' dir='ltr'>maxime</span> <span class='ocrx_word' id='word_1_72' title='bbox 901 753 1124 789; x_wconf 84' lang='lat' dir='ltr'>conducere</span> <span class='ocrx_word' id='word_1_73' title='bbox 1163 751 1317 789; x_wconf 87' lang='lat' dir='ltr'>videtur</span> <span class='ocrx_word' id='word_1_74' title='bbox 1355 752 1573 790; x_wconf 82' lang='lat' dir='ltr'>Thermum</span> 
     </span>
     <span class='ocr_line' id='line_1_13' title="bbox 241 816 1575 866; baseline -0.003 -9"><span class='ocrx_word' id='word_1_75' title='bbox 241 819 323 857; x_wconf 86' lang='lat' dir='ltr'>fieri</span> <span class='ocrx_word' id='word_1_76' title='bbox 344 832 434 857; x_wconf 89' lang='lat' dir='ltr'>cum</span> <span class='ocrx_word' id='word_1_77' title='bbox 458 819 635 857; x_wconf 87' lang='lat' dir='ltr'>Caesare.</span> <span class='ocrx_word' id='word_1_78' title='bbox 697 819 828 855; x_wconf 87' lang='lat' dir='ltr'>Nemo</span> <span class='ocrx_word' id='word_1_79' title='bbox 856 824 914 855; x_wconf 90' lang='lat' dir='ltr'>est</span> <span class='ocrx_word' id='word_1_80' title='bbox 941 816 1046 854; x_wconf 91' lang='lat' dir='ltr'>enim</span> <span class='ocrx_word' id='word_1_81' title='bbox 1075 830 1121 854; x_wconf 85' lang='lat' dir='ltr'>ex</span> <span class='ocrx_word' id='word_1_82' title='bbox 1142 816 1187 854; x_wconf 94' lang='lat' dir='ltr'>iis</span> <span class='ocrx_word' id='word_1_83' title='bbox 1215 816 1282 866; x_wconf 85' lang='lat' dir='ltr'>qui</span> <span class='ocrx_word' id='word_1_84' title='bbox 1304 830 1409 854; x_wconf 89' lang='lat' dir='ltr'>nunc</span> <span class='ocrx_word' id='word_1_85' title='bbox 1437 824 1575 866; x_wconf 87' lang='lat' dir='ltr'>petunt</span> 
     </span>
     <span class='ocr_line' id='line_1_14' title="bbox 240 881 1574 934; baseline -0.002 -12"><span class='ocrx_word' id='word_1_86' title='bbox 240 884 318 934; x_wconf 88' lang='lat' dir='ltr'>qui,</span> <span class='ocrx_word' id='word_1_87' title='bbox 342 884 372 922; x_wconf 95' lang='lat' dir='ltr'>si</span> <span class='ocrx_word' id='word_1_88' title='bbox 395 884 433 921; x_wconf 92' lang='lat' dir='ltr'>in</span> <span class='ocrx_word' id='word_1_89' title='bbox 460 891 637 921; x_wconf 88' lang='lat' dir='ltr'>nostrum</span> <span class='ocrx_word' id='word_1_90' title='bbox 667 897 816 921; x_wconf 88' lang='lat' dir='ltr'>annum</span> <span class='ocrx_word' id='word_1_91' title='bbox 845 882 1036 928; x_wconf 91' lang='lat' dir='ltr'>reciderit,</span> <span class='ocrx_word' id='word_1_92' title='bbox 1061 881 1207 920; x_wconf 88' lang='lat' dir='ltr'>firmior</span> <span class='ocrx_word' id='word_1_93' title='bbox 1231 881 1465 920; x_wconf 87' lang='lat' dir='ltr'>candidatus</span> <span class='ocrx_word' id='word_1_94' title='bbox 1493 883 1574 920; x_wconf 91' lang='lat' dir='ltr'>fore</span> 
     </span>
     <span class='ocr_line' id='line_1_15' title="bbox 240 947 1575 1000; baseline -0.001 -12"><span class='ocrx_word' id='word_1_95' title='bbox 240 950 430 995; x_wconf 84' lang='lat' dir='ltr'>videatur,</span> <span class='ocrx_word' id='word_1_96' title='bbox 458 957 663 1000; x_wconf 90' lang='lat' dir='ltr'>propterea</span> <span class='ocrx_word' id='word_1_97' title='bbox 693 950 802 998; x_wconf 82' lang='lat' dir='ltr'>quod</span> <span class='ocrx_word' id='word_1_98' title='bbox 831 956 986 986; x_wconf 88' lang='lat' dir='ltr'>curator</span> <span class='ocrx_word' id='word_1_99' title='bbox 1016 955 1073 986; x_wconf 93' lang='lat' dir='ltr'>est</span> <span class='ocrx_word' id='word_1_100' title='bbox 1103 947 1188 985; x_wconf 91' lang='lat' dir='ltr'>viae</span> <span class='ocrx_word' id='word_1_101' title='bbox 1218 947 1434 985; x_wconf 78' lang='lat' dir='ltr'>Flaminiae</span> <span class='ocrx_word' id='word_1_102' title='bbox 1465 952 1485 987; x_wconf 65' lang='grc' dir='ltr'><strong><em>Τ</em></strong></span> <span class='ocrx_word' id='word_1_103' title='bbox 1499 961 1575 997; x_wconf 84' lang='lat' dir='ltr'>que</span> 
     </span>
     <span class='ocr_line' id='line_1_16' title="bbox 241 1012 1576 1054; baseline -0.002 -1"><span class='ocrx_word' id='word_1_104' title='bbox 241 1029 331 1054; x_wconf 91' lang='lat' dir='ltr'>cum</span> <span class='ocrx_word' id='word_1_105' title='bbox 353 1015 423 1053; x_wconf 91' lang='lat' dir='ltr'>erit</span> <span class='ocrx_word' id='word_1_106' title='bbox 443 1015 625 1053; x_wconf 85' lang='lat' dir='ltr'>absoluta</span> <span class='ocrx_word' id='word_1_107' title='bbox 645 1027 739 1052; x_wconf 86' lang='lat' dir='ltr'>sane</span> <span class='ocrx_word' id='word_1_108' title='bbox 760 1013 872 1052; x_wconf 86' lang='lat' dir='ltr'>facile</span> <span class='ocrx_word' id='word_1_109' title='bbox 893 1027 984 1051; x_wconf 91' lang='lat' dir='ltr'>eum</span> <span class='ocrx_word' id='word_1_110' title='bbox 1012 1013 1179 1051; x_wconf 85' lang='lat' dir='ltr'>libenter</span> <span class='ocrx_word' id='word_1_111' title='bbox 1205 1026 1311 1051; x_wconf 88' lang='lat' dir='ltr'>nunc</span> <span class='ocrx_word' id='word_1_112' title='bbox 1338 1012 1456 1050; x_wconf 92' lang='lat' dir='ltr'>ceteri</span> <span class='ocrx_word' id='word_1_113' title='bbox 1486 1026 1576 1051; x_wconf 93' lang='lat' dir='ltr'>con-</span> 
     </span>
     <span class='ocr_line' id='line_1_17' title="bbox 241 1077 1577 1127; baseline -0.001 -10"><span class='ocrx_word' id='word_1_114' title='bbox 241 1080 315 1118; x_wconf 91' lang='lat' dir='ltr'>suli</span> <span class='ocrx_word' id='word_1_115' title='bbox 336 1079 589 1119; x_wconf 76' lang='lat' dir='ltr'>accideri1ii†.</span> <span class='ocrx_word' id='word_1_116' title='bbox 645 1078 861 1116; x_wconf 90' lang='lat' dir='ltr'>Petitorum</span> <span class='ocrx_word' id='word_1_117' title='bbox 883 1079 981 1116; x_wconf 86' lang='lat' dir='ltr'>haec</span> <span class='ocrx_word' id='word_1_118' title='bbox 1002 1085 1059 1116; x_wconf 91' lang='lat' dir='ltr'>est</span> <span class='ocrx_word' id='word_1_119' title='bbox 1081 1079 1212 1115; x_wconf 88' lang='lat' dir='ltr'>adhuc</span> <span class='ocrx_word' id='word_1_120' title='bbox 1237 1077 1446 1115; x_wconf 87' lang='lat' dir='ltr'>informata</span> <span class='ocrx_word' id='word_1_121' title='bbox 1475 1077 1577 1127; x_wconf 84' lang='lat' dir='ltr'>cogi-</span> 
     </span>
     <span class='ocr_line' id='line_1_18' title="bbox 243 1142 1576 1191; baseline -0.002 -9"><span class='ocrx_word' id='word_1_122' title='bbox 243 1144 348 1182; x_wconf 88' lang='lat' dir='ltr'>tatio.</span> <span class='ocrx_word' id='word_1_123' title='bbox 410 1145 493 1181; x_wconf 92' lang='lat' dir='ltr'>Nos</span> <span class='ocrx_word' id='word_1_124' title='bbox 511 1143 549 1180; x_wconf 92' lang='lat' dir='ltr'>in</span> <span class='ocrx_word' id='word_1_125' title='bbox 567 1142 676 1181; x_wconf 88' lang='lat' dir='ltr'>omni</span> <span class='ocrx_word' id='word_1_126' title='bbox 690 1156 852 1180; x_wconf 89' lang='lat' dir='ltr'>munere</span> <span class='ocrx_word' id='word_1_127' title='bbox 869 1142 1142 1180; x_wconf 85' lang='lat' dir='ltr'>candidatorio</span> <span class='ocrx_word' id='word_1_128' title='bbox 1156 1143 1359 1191; x_wconf 82' lang='lat' dir='ltr'>fungendo</span> <span class='ocrx_word' id='word_1_129' title='bbox 1380 1156 1576 1181; x_wconf 89' lang='lat' dir='ltr'>summam</span> 
     </span>
     <span class='ocr_line' id='line_1_19' title="bbox 241 1206 1576 1258; baseline -0.001 -11"><span class='ocrx_word' id='word_1_130' title='bbox 241 1209 521 1248; x_wconf 84' lang='lat' dir='ltr'>adhibebimus</span> <span class='ocrx_word' id='word_1_131' title='bbox 556 1208 800 1258; x_wconf 80' lang='lat' dir='ltr'>diligentiam</span> <span class='ocrx_word' id='word_1_132' title='bbox 839 1215 877 1246; x_wconf 89' lang='lat' dir='ltr'>et</span> <span class='ocrx_word' id='word_1_133' title='bbox 916 1209 1092 1254; x_wconf 86' lang='lat' dir='ltr'>fortasse,</span> <span class='ocrx_word' id='word_1_134' title='bbox 1124 1206 1313 1256; x_wconf 85' lang='lat' dir='ltr'>quoniam</span> <span class='ocrx_word' id='word_1_135' title='bbox 1352 1206 1506 1245; x_wconf 76' lang='lat' dir='ltr'>videtur</span> <span class='ocrx_word' id='word_1_136' title='bbox 1536 1207 1576 1245; x_wconf 92' lang='lat' dir='ltr'>in</span> 
     </span>
     <span class='ocr_line' id='line_1_20' title="bbox 244 1271 1576 1323; baseline -0.002 -11"><span class='ocrx_word' id='word_1_137' title='bbox 244 1274 433 1323; x_wconf 73' lang='lat' dir='ltr'>suffragiis</span> <span class='ocrx_word' id='word_1_138' title='bbox 480 1275 648 1311; x_wconf 88' lang='lat' dir='ltr'>multum</span> <span class='ocrx_word' id='word_1_139' title='bbox 699 1286 814 1322; x_wconf 89' lang='lat' dir='ltr'>posse</span> <span class='ocrx_word' id='word_1_140' title='bbox 855 1271 995 1317; x_wconf 83' lang='lat' dir='ltr'>Gallia,</span> <span class='ocrx_word' id='word_1_141' title='bbox 1034 1285 1124 1310; x_wconf 92' lang='lat' dir='ltr'>cum</span> <span class='ocrx_word' id='word_1_142' title='bbox 1167 1273 1321 1309; x_wconf 87' lang='lat' dir='ltr'>Romae</span> <span class='ocrx_word' id='word_1_143' title='bbox 1359 1285 1382 1309; x_wconf 90' lang='lat' dir='ltr'>a</span> <span class='ocrx_word' id='word_1_144' title='bbox 1422 1271 1576 1310; x_wconf 85' lang='lat' dir='ltr'>iudiciis</span> 
     </span>
     <span class='ocr_line' id='line_1_21' title="bbox 244 1335 1575 1386; baseline -0.002 -9"><span class='ocrx_word' id='word_1_145' title='bbox 244 1341 371 1377; x_wconf 87' lang='lat' dir='ltr'>forum</span> <span class='ocrx_word' id='word_1_146' title='bbox 410 1337 609 1385; x_wconf 82' lang='lat' dir='ltr'>refrixerit,</span> <span class='ocrx_word' id='word_1_147' title='bbox 649 1350 897 1375; x_wconf 78' lang='lat' dir='ltr'>excurremus</span> <span class='ocrx_word' id='word_1_148' title='bbox 937 1349 1072 1374; x_wconf 85' lang='lat' dir='ltr'>mense</span> <span class='ocrx_word' id='word_1_149' title='bbox 1112 1335 1333 1386; x_wconf 87' lang='lat' dir='ltr'>Septembri</span> <span class='ocrx_word' id='word_1_150' title='bbox 1373 1336 1487 1386; x_wconf 83' lang='lat' dir='ltr'>legati</span> <span class='ocrx_word' id='word_1_151' title='bbox 1524 1337 1575 1374; x_wconf 90' lang='lat' dir='ltr'>ad</span> 
     </span>
     <span class='ocr_line' id='line_1_22' title="bbox 246 1401 1576 1451; baseline -0.002 -9"><span class='ocrx_word' id='word_1_152' title='bbox 246 1404 431 1442; x_wconf 88' lang='lat' dir='ltr'>Pisonem</span> <span class='ocrx_word' id='word_1_153' title='bbox 462 1411 504 1441; x_wconf 91' lang='lat' dir='ltr'>ut</span> <span class='ocrx_word' id='word_1_154' title='bbox 535 1401 719 1440; x_wconf 88' lang='lat' dir='ltr'>Ianuario</span> <span class='ocrx_word' id='word_1_155' title='bbox 749 1409 995 1440; x_wconf 75' lang='lat' dir='ltr'>revertamur.</span> <span class='ocrx_word' id='word_1_156' title='bbox 1057 1402 1160 1440; x_wconf 91' lang='lat' dir='ltr'>Cum</span> <span class='ocrx_word' id='word_1_157' title='bbox 1189 1414 1422 1451; x_wconf 85' lang='lat' dir='ltr'>perspexero</span> <span class='ocrx_word' id='word_1_158' title='bbox 1442 1402 1576 1440; x_wconf 90' lang='lat' dir='ltr'>volun-</span> 
     </span>
     <span class='ocr_line' id='line_1_23' title="bbox 245 1465 1576 1515; baseline -0.003 -8"><span class='ocrx_word' id='word_1_159' title='bbox 245 1477 343 1507; x_wconf 85' lang='lat' dir='ltr'>tates</span> <span class='ocrx_word' id='word_1_160' title='bbox 364 1467 568 1514; x_wconf 87' lang='lat' dir='ltr'>nobilium,</span> <span class='ocrx_word' id='word_1_161' title='bbox 588 1466 755 1505; x_wconf 88' lang='lat' dir='ltr'>scribam</span> <span class='ocrx_word' id='word_1_162' title='bbox 776 1467 827 1504; x_wconf 90' lang='lat' dir='ltr'>ad</span> <span class='ocrx_word' id='word_1_163' title='bbox 849 1474 896 1504; x_wconf 88' lang='lat' dir='ltr'>te.</span> <span class='ocrx_word' id='word_1_164' title='bbox 949 1467 1090 1505; x_wconf 88' lang='lat' dir='ltr'>Cetera</span> <span class='ocrx_word' id='word_1_165' title='bbox 1111 1479 1224 1514; x_wconf 90' lang='lat' dir='ltr'>spero</span> <span class='ocrx_word' id='word_1_166' title='bbox 1246 1465 1394 1515; x_wconf 82' lang='lat' dir='ltr'>prolixa</span> <span class='ocrx_word' id='word_1_167' title='bbox 1415 1479 1500 1504; x_wconf 90' lang='lat' dir='ltr'>esse</span> <span class='ocrx_word' id='word_1_168' title='bbox 1515 1465 1576 1503; x_wconf 88' lang='lat' dir='ltr'>his</span> 
     </span>
     <span class='ocr_line' id='line_1_24' title="bbox 245 1530 1575 1580; baseline -0.003 -9"><span class='ocrx_word' id='word_1_169' title='bbox 245 1536 448 1572; x_wconf 87' lang='lat' dir='ltr'>dumtaxat</span> <span class='ocrx_word' id='word_1_170' title='bbox 479 1532 638 1570; x_wconf 88' lang='lat' dir='ltr'>urbanis</span> <span class='ocrx_word' id='word_1_171' title='bbox 670 1530 1005 1580; x_wconf 70' lang='lat' dir='ltr'>competitoribus</span> <span class='ocrx_word' id='word_1_172' title='bbox 1067 1531 1180 1568; x_wconf 86' lang='lat' dir='ltr'>Illam</span> <span class='ocrx_word' id='word_1_173' title='bbox 1214 1543 1376 1567; x_wconf 90' lang='lat' dir='ltr'>manum</span> <span class='ocrx_word' id='word_1_174' title='bbox 1408 1538 1449 1568; x_wconf 94' lang='lat' dir='ltr'>tu</span> <span class='ocrx_word' id='word_1_175' title='bbox 1480 1530 1575 1568; x_wconf 91' lang='lat' dir='ltr'>mihi</span> 
     </span>
     <span class='ocr_line' id='line_1_25' title="bbox 246 1594 1576 1647; baseline -0.003 -11"><span class='ocrx_word' id='word_1_176' title='bbox 246 1612 338 1636; x_wconf 90' lang='lat' dir='ltr'>cura</span> <span class='ocrx_word' id='word_1_177' title='bbox 376 1605 417 1635; x_wconf 92' lang='lat' dir='ltr'>ut</span> <span class='ocrx_word' id='word_1_178' title='bbox 456 1604 638 1647; x_wconf 78' lang='lat' dir='ltr'>praesteS,</span> <span class='ocrx_word' id='word_1_179' title='bbox 674 1595 862 1645; x_wconf 81' lang='lat' dir='ltr'>quoniam</span> <span class='ocrx_word' id='word_1_180' title='bbox 902 1594 1062 1644; x_wconf 89' lang='lat' dir='ltr'>propius</span> <span class='ocrx_word' id='word_1_181' title='bbox 1097 1595 1205 1639; x_wconf 83' lang='lat' dir='ltr'>abes,</span> <span class='ocrx_word' id='word_1_182' title='bbox 1242 1594 1417 1644; x_wconf 88' lang='lat' dir='ltr'>Pompei,</span> <span class='ocrx_word' id='word_1_183' title='bbox 1454 1594 1576 1632; x_wconf 88' lang='lat' dir='ltr'>nostri</span> 
     </span>
     <span class='ocr_line' id='line_1_26' title="bbox 246 1658 1576 1711; baseline -0.004 -10"><span class='ocrx_word' id='word_1_184' title='bbox 246 1663 372 1701; x_wconf 89' lang='lat' dir='ltr'>amici.</span> <span class='ocrx_word' id='word_1_185' title='bbox 434 1664 545 1711; x_wconf 83' lang='lat' dir='ltr'>Nega</span> <span class='ocrx_word' id='word_1_186' title='bbox 577 1675 639 1699; x_wconf 89' lang='lat' dir='ltr'>me</span> <span class='ocrx_word' id='word_1_187' title='bbox 671 1661 705 1699; x_wconf 88' lang='lat' dir='ltr'>ei</span> <span class='ocrx_word' id='word_1_188' title='bbox 745 1660 885 1698; x_wconf 87' lang='lat' dir='ltr'>iratum</span> <span class='ocrx_word' id='word_1_189' title='bbox 920 1661 1002 1698; x_wconf 92' lang='lat' dir='ltr'>fore</span> <span class='ocrx_word' id='word_1_190' title='bbox 1033 1659 1064 1697; x_wconf 90' lang='lat' dir='ltr'>si</span> <span class='ocrx_word' id='word_1_191' title='bbox 1098 1661 1149 1697; x_wconf 87' lang='lat' dir='ltr'>ad</span> <span class='ocrx_word' id='word_1_192' title='bbox 1184 1673 1271 1697; x_wconf 88' lang='lat' dir='ltr'>mea</span> <span class='ocrx_word' id='word_1_193' title='bbox 1306 1658 1465 1697; x_wconf 89' lang='lat' dir='ltr'>comitia</span> <span class='ocrx_word' id='word_1_194' title='bbox 1495 1672 1576 1697; x_wconf 90' lang='lat' dir='ltr'>non</span> 
     </span>
     <span class='ocr_line' id='line_1_27' title="bbox 248 1725 1105 1776; baseline -0.005 -10"><span class='ocrx_word' id='word_1_195' title='bbox 248 1727 405 1766; x_wconf 89' lang='lat' dir='ltr'>venerit.</span> <span class='ocrx_word' id='word_1_196' title='bbox 467 1729 598 1776; x_wconf 83' lang='lat' dir='ltr'>Atque</span> <span class='ocrx_word' id='word_1_197' title='bbox 619 1728 716 1764; x_wconf 84' lang='lat' dir='ltr'>haec</span> <span class='ocrx_word' id='word_1_198' title='bbox 737 1725 852 1763; x_wconf 91' lang='lat' dir='ltr'>huius</span> <span class='ocrx_word' id='word_1_199' title='bbox 874 1725 983 1763; x_wconf 89' lang='lat' dir='ltr'>modi</span> <span class='ocrx_word' id='word_1_200' title='bbox 1005 1732 1105 1762; x_wconf 89' lang='lat' dir='ltr'>sunt.</span> 
     </span>
    </p>

    <p class='ocr_par' dir='ltr' id='par_1_8' title="bbox 245 1789 1575 1974">
     <span class='ocr_line' id='line_1_28' title="bbox 303 1789 1573 1841; baseline -0.003 -10"><span class='ocrx_word' id='word_1_201' title='bbox 303 1794 381 1832; x_wconf 88' lang='lat' dir='ltr'>Sed</span> <span class='ocrx_word' id='word_1_202' title='bbox 405 1799 462 1831; x_wconf 91' lang='lat' dir='ltr'>est</span> <span class='ocrx_word' id='word_1_203' title='bbox 494 1793 602 1841; x_wconf 86' lang='lat' dir='ltr'>quod</span> <span class='ocrx_word' id='word_1_204' title='bbox 631 1792 702 1829; x_wconf 89' lang='lat' dir='ltr'>abs</span> <span class='ocrx_word' id='word_1_205' title='bbox 732 1799 768 1829; x_wconf 92' lang='lat' dir='ltr'>te</span> <span class='ocrx_word' id='word_1_206' title='bbox 801 1790 896 1828; x_wconf 84' lang='lat' dir='ltr'>mihi</span> <span class='ocrx_word' id='word_1_207' title='bbox 931 1790 1079 1840; x_wconf 81' lang='lat' dir='ltr'>ignosci</span> <span class='ocrx_word' id='word_1_208' title='bbox 1110 1789 1307 1839; x_wconf 83' lang='lat' dir='ltr'>pervelim.</span> <span class='ocrx_word' id='word_1_209' title='bbox 1368 1789 1573 1836; x_wconf 86' lang='lat' dir='ltr'>Caecilius,</span> 
     </span>
     <span class='ocr_line' id='line_1_29' title="bbox 247 1854 1573 1905; baseline -0.005 -8"><span class='ocrx_word' id='word_1_210' title='bbox 247 1859 464 1897; x_wconf 85' lang='lat' dir='ltr'>avunculus</span> <span class='ocrx_word' id='word_1_211' title='bbox 485 1865 587 1904; x_wconf 87' lang='lat' dir='ltr'>tuus,</span> <span class='ocrx_word' id='word_1_212' title='bbox 607 1870 629 1894; x_wconf 91' lang='lat' dir='ltr'>a</span> <span class='ocrx_word' id='word_1_213' title='bbox 652 1858 691 1894; x_wconf 91' lang='lat' dir='ltr'>P.</span> <span class='ocrx_word' id='word_1_214' title='bbox 715 1856 835 1895; x_wconf 84' lang='lat' dir='ltr'>Vario</span> <span class='ocrx_word' id='word_1_215' title='bbox 857 1870 947 1894; x_wconf 89' lang='lat' dir='ltr'>curn</span> <span class='ocrx_word' id='word_1_216' title='bbox 969 1869 1110 1905; x_wconf 83' lang='lat' dir='ltr'>magna</span> <span class='ocrx_word' id='word_1_217' title='bbox 1134 1854 1301 1904; x_wconf 88' lang='lat' dir='ltr'>pecunia</span> <span class='ocrx_word' id='word_1_218' title='bbox 1321 1855 1573 1902; x_wconf 85' lang='lat' dir='ltr'>fraudaretur,</span> 
     </span>
     <span class='ocr_line' id='line_1_30' title="bbox 245 1918 1575 1974; baseline -0.005 -12"><span class='ocrx_word' id='word_1_219' title='bbox 245 1937 359 1974; x_wconf 81' lang='lat' dir='ltr'>agere</span> <span class='ocrx_word' id='word_1_220' title='bbox 380 1922 509 1972; x_wconf 89' lang='lat' dir='ltr'>coepit</span> <span class='ocrx_word' id='word_1_221' title='bbox 530 1935 620 1959; x_wconf 90' lang='lat' dir='ltr'>curn</span> <span class='ocrx_word' id='word_1_222' title='bbox 646 1921 729 1959; x_wconf 88' lang='lat' dir='ltr'>eius</span> <span class='ocrx_word' id='word_1_223' title='bbox 758 1923 872 1959; x_wconf 86' lang='lat' dir='ltr'>fratre</span> <span class='ocrx_word' id='word_1_224' title='bbox 903 1923 949 1958; x_wconf 82' lang='lat' dir='ltr'>A.</span> <span class='ocrx_word' id='word_1_225' title='bbox 976 1919 1145 1959; x_wconf 86' lang='lat' dir='ltr'>Caninio</span> <span class='ocrx_word' id='word_1_226' title='bbox 1167 1920 1302 1968; x_wconf 87' lang='lat' dir='ltr'>Satyro</span> <span class='ocrx_word' id='word_1_227' title='bbox 1323 1920 1372 1957; x_wconf 90' lang='lat' dir='ltr'>de</span> <span class='ocrx_word' id='word_1_228' title='bbox 1393 1918 1438 1956; x_wconf 88' lang='lat' dir='ltr'>iis</span> <span class='ocrx_word' id='word_1_229' title='bbox 1459 1919 1575 1957; x_wconf 87' lang='lat' dir='ltr'>rebus</span> 
     </span>
    </p>
   </div>
   <div class='ocr_carea' id='block_1_8' title="bbox 248 2022 1577 2545">
    <p class='ocr_par' dir='ltr' id='par_1_9' title="bbox 248 2022 1577 2545">
     <span class='ocr_line' id='line_1_31' title="bbox 291 2022 1576 2066; baseline -0.005 -8"><span class='ocrx_word' id='word_1_230' title='bbox 291 2039 310 2058; x_wconf 89' lang='lat'><em>2</em></span> <span class='ocrx_word' id='word_1_231' title='bbox 335 2026 485 2066; x_wconf 73' lang='lat' dir='ltr'>Aufidio]</span> <span class='ocrx_word' id='word_1_232' title='bbox 510 2026 588 2056; x_wconf 87' lang='lat' dir='ltr'>Auli</span> <span class='ocrx_word' id='word_1_233' title='bbox 615 2026 684 2056; x_wconf 89' lang='lat' dir='ltr'>filio</span> <span class='ocrx_word' id='word_1_234' title='bbox 705 2025 886 2058; x_wconf 79' lang='lat' dir='ltr'>Goveanus.</span> <span class='ocrx_word' id='word_1_235' title='bbox 907 2025 973 2055; x_wconf 77' lang='lat' dir='ltr'>roll.</span> <span class='ocrx_word' id='word_1_236' title='bbox 997 2027 1043 2054; x_wconf 85' lang='lat'>16.</span> <span class='ocrx_word' id='word_1_237' title='bbox 1068 2034 1106 2053; x_wconf 87' lang='lat'>12</span> <span class='ocrx_word' id='word_1_238' title='bbox 1246 2024 1267 2053; x_wconf 90' lang='lat'><strong>6</strong></span> <span class='ocrx_word' id='word_1_239' title='bbox 1286 2026 1361 2063; x_wconf 81' lang='lat' dir='ltr'>post</span> <span class='ocrx_word' id='word_1_240' title='bbox 1382 2029 1415 2052; x_wconf 91' lang='lat' dir='ltr'>et</span> <span class='ocrx_word' id='word_1_241' title='bbox 1439 2022 1513 2053; x_wconf 78' lang='lat' dir='ltr'>add.</span> <span class='ocrx_word' id='word_1_242' title='bbox 1534 2023 1576 2053; x_wconf 85' lang='lat' dir='ltr'>ab</span> 
     </span>
     <span class='ocr_line' id='line_1_32' title="bbox 248 2066 1577 2109; baseline -0.005 -8"><span class='ocrx_word' id='word_1_243' title='bbox 248 2072 366 2102; x_wconf 79' lang='lat' dir='ltr'>Lamb.</span> <span class='ocrx_word' id='word_1_244' title='bbox 469 2081 503 2100; x_wconf 93' lang='lat'>11</span> <span class='ocrx_word' id='word_1_245' title='bbox 530 2080 595 2109; x_wconf 89' lang='lat' dir='ltr'>que</span> <span class='ocrx_word' id='word_1_246' title='bbox 613 2080 687 2100; x_wconf 90' lang='lat' dir='ltr'>cum</span> <span class='ocrx_word' id='word_1_247' title='bbox 710 2075 790 2100; x_wconf 62' lang='lat' dir='ltr'>tum</span> <span class='ocrx_word' id='word_1_248' title='bbox 809 2070 853 2105; x_wconf 62' lang='lat' dir='ltr'>Z)</span> <span class='ocrx_word' id='word_1_249' title='bbox 873 2069 935 2098; x_wconf 82' lang='lat' dir='ltr'>erit</span> <span class='ocrx_word' id='word_1_250' title='bbox 954 2068 1107 2098; x_wconf 78' lang='lat' dir='ltr'>absoluta</span> <span class='ocrx_word' id='word_1_251' title='bbox 1125 2077 1206 2097; x_wconf 87' lang='lat' dir='ltr'>sane</span> <span class='ocrx_word' id='word_1_252' title='bbox 1224 2066 1320 2097; x_wconf 83' lang='lat' dir='ltr'>facile</span> <span class='ocrx_word' id='word_1_253' title='bbox 1337 2077 1413 2096; x_wconf 86' lang='lat' dir='ltr'>eum</span> <span class='ocrx_word' id='word_1_254' title='bbox 1430 2066 1577 2096; x_wconf 85' lang='lat' dir='ltr'>libenter</span> 
     </span>
     <span class='ocr_line' id='line_1_33' title="bbox 248 2109 1574 2153; baseline -0.005 -8"><span class='ocrx_word' id='word_1_255' title='bbox 248 2125 338 2146; x_wconf 90' lang='lat' dir='ltr'>nunc</span> <span class='ocrx_word' id='word_1_256' title='bbox 355 2114 460 2145; x_wconf 87' lang='lat' dir='ltr'>ceteri</span> <span class='ocrx_word' id='word_1_257' title='bbox 480 2114 655 2151; x_wconf 86' lang='lat' dir='ltr'>(nuntiteri</span> <span class='ocrx_word' id='word_1_258' title='bbox 674 2113 714 2143; x_wconf 93' lang='lat' dir='ltr'><em>M</em></span> <span class='ocrx_word' id='word_1_259' title='bbox 730 2124 837 2153; x_wconf 73' lang='lat' dir='ltr'>marg.</span> <span class='ocrx_word' id='word_1_260' title='bbox 857 2123 864 2149; x_wconf 90' lang='lat'>;</span> <span class='ocrx_word' id='word_1_261' title='bbox 889 2111 1053 2142; x_wconf 84' lang='lat' dir='ltr'>nunciteri</span> <span class='ocrx_word' id='word_1_262' title='bbox 1072 2110 1115 2149; x_wconf 86' lang='lat' dir='ltr'>Z)</span> <span class='ocrx_word' id='word_1_263' title='bbox 1133 2110 1261 2140; x_wconf 81' lang='lat' dir='ltr'>consuli</span> <span class='ocrx_word' id='word_1_264' title='bbox 1281 2110 1414 2148; x_wconf 69' lang='lat' dir='ltr'>(concili</span> <span class='ocrx_word' id='word_1_265' title='bbox 1431 2109 1475 2147; x_wconf 79' lang='lat' dir='ltr'>Z)</span> <span class='ocrx_word' id='word_1_266' title='bbox 1489 2110 1574 2140; x_wconf 82' lang='lat' dir='ltr'>acci-</span> 
     </span>
     <span class='ocr_line' id='line_1_34' title="bbox 249 2153 1575 2195; baseline -0.005 -6"><span class='ocrx_word' id='word_1_267' title='bbox 249 2159 356 2189; x_wconf 86' lang='lat' dir='ltr'>derim</span> <span class='ocrx_word' id='word_1_268' title='bbox 377 2158 584 2188; x_wconf 56' lang='lat' dir='ltr'>&#39;acciderunt</span> <span class='ocrx_word' id='word_1_269' title='bbox 602 2157 645 2189; x_wconf 68' lang='lat' dir='ltr'>Z)</span> <span class='ocrx_word' id='word_1_270' title='bbox 668 2156 771 2189; x_wconf 83' lang='lat' dir='ltr'>MZl:</span> <span class='ocrx_word' id='word_1_271' title='bbox 789 2167 875 2195; x_wconf 85' lang='lat' dir='ltr'>quae</span> <span class='ocrx_word' id='word_1_272' title='bbox 900 2165 974 2185; x_wconf 88' lang='lat' dir='ltr'>cum</span> <span class='ocrx_word' id='word_1_273' title='bbox 999 2155 1062 2184; x_wconf 89' lang='lat' dir='ltr'>erit</span> <span class='ocrx_word' id='word_1_274' title='bbox 1085 2154 1238 2184; x_wconf 84' lang='lat' dir='ltr'>absoluta</span> <span class='ocrx_word' id='word_1_275' title='bbox 1261 2163 1345 2183; x_wconf 86' lang='lat' dir='ltr'>sane</span> <span class='ocrx_word' id='word_1_276' title='bbox 1369 2153 1475 2189; x_wconf 86' lang='lat' dir='ltr'>facile,</span> <span class='ocrx_word' id='word_1_277' title='bbox 1499 2163 1575 2183; x_wconf 89' lang='lat' dir='ltr'>eum</span> 
     </span>
     <span class='ocr_line' id='line_1_35' title="bbox 250 2196 1576 2239; baseline -0.005 -7"><span class='ocrx_word' id='word_1_278' title='bbox 250 2203 397 2232; x_wconf 84' lang='lat' dir='ltr'>libenter</span> <span class='ocrx_word' id='word_1_279' title='bbox 432 2201 612 2239; x_wconf 64' lang='lat' dir='ltr'>(absolutay</span> <span class='ocrx_word' id='word_1_280' title='bbox 646 2211 727 2230; x_wconf 84' lang='lat' dir='ltr'>sane</span> <span class='ocrx_word' id='word_1_281' title='bbox 763 2200 781 2230; x_wconf 89' lang='lat' dir='ltr'>s.</span> <span class='ocrx_word' id='word_1_282' title='bbox 802 2210 830 2229; x_wconf 91' lang='lat' dir='ltr'>e.</span> <span class='ocrx_word' id='word_1_283' title='bbox 863 2204 897 2229; x_wconf 86' lang='lat' dir='ltr'>et</span> <span class='ocrx_word' id='word_1_284' title='bbox 930 2199 1077 2228; x_wconf 86' lang='lat' dir='ltr'>libenter</span> <span class='ocrx_word' id='word_1_285' title='bbox 1116 2197 1219 2231; x_wconf 64' lang='lat' dir='ltr'><em>Koch)</em></span> <span class='ocrx_word' id='word_1_286' title='bbox 1252 2196 1440 2235; x_wconf 85' lang='lat' dir='ltr'>municipes</span> <span class='ocrx_word' id='word_1_287' title='bbox 1471 2196 1576 2227; x_wconf 86' lang='lat' dir='ltr'>ceteri</span> 
     </span>
     <span class='ocr_line' id='line_1_36' title="bbox 251 2239 1577 2284; baseline -0.005 -9"><span class='ocrx_word' id='word_1_288' title='bbox 251 2245 448 2284; x_wconf 56' lang='lat' dir='ltr'>tmunicipia</span> <span class='ocrx_word' id='word_1_289' title='bbox 465 2244 569 2283; x_wconf 76' lang='lat' dir='ltr'><em>Koch)</em></span> <span class='ocrx_word' id='word_1_290' title='bbox 592 2244 763 2274; x_wconf 86' lang='lat' dir='ltr'>consulem</span> <span class='ocrx_word' id='word_1_291' title='bbox 788 2242 983 2281; x_wconf 84' lang='lat' dir='ltr'>acceperint</span> <span class='ocrx_word' id='word_1_292' title='bbox 1003 2241 1168 2271; x_wconf 80' lang='lat' dir='ltr'>Corradus</span> <span class='ocrx_word' id='word_1_293' title='bbox 1184 2239 1272 2269; x_wconf 75' lang='lat' dir='ltr'><em>Koclt</em></span> <span class='ocrx_word' id='word_1_294' title='bbox 1287 2251 1293 2269; x_wconf 90' lang='lat'><strong>:</strong></span> <span class='ocrx_word' id='word_1_295' title='bbox 1318 2250 1403 2278; x_wconf 82' lang='lat' dir='ltr'>quae</span> <span class='ocrx_word' id='word_1_296' title='bbox 1421 2250 1495 2269; x_wconf 85' lang='lat' dir='ltr'>cum</span> <span class='ocrx_word' id='word_1_297' title='bbox 1513 2240 1577 2270; x_wconf 88' lang='lat' dir='ltr'>erit</span> 
     </span>
     <span class='ocr_line' id='line_1_37' title="bbox 251 2283 1576 2327; baseline -0.006 -8"><span class='ocrx_word' id='word_1_298' title='bbox 251 2289 412 2327; x_wconf 81' lang='lat' dir='ltr'>absoluta,</span> <span class='ocrx_word' id='word_1_299' title='bbox 432 2298 513 2318; x_wconf 82' lang='lat' dir='ltr'>Sane</span> <span class='ocrx_word' id='word_1_300' title='bbox 535 2287 632 2318; x_wconf 87' lang='lat' dir='ltr'>facile</span> <span class='ocrx_word' id='word_1_301' title='bbox 659 2297 735 2316; x_wconf 84' lang='lat' dir='ltr'>eum</span> <span class='ocrx_word' id='word_1_302' title='bbox 762 2286 908 2316; x_wconf 84' lang='lat' dir='ltr'>libenter</span> <span class='ocrx_word' id='word_1_303' title='bbox 933 2290 1013 2315; x_wconf 90' lang='lat' dir='ltr'>tunc</span> <span class='ocrx_word' id='word_1_304' title='bbox 1041 2289 1169 2314; x_wconf 87' lang='lat' dir='ltr'>certum</span> <span class='ocrx_word' id='word_1_305' title='bbox 1190 2283 1361 2313; x_wconf 82' lang='lat' dir='ltr'>consulem</span> <span class='ocrx_word' id='word_1_306' title='bbox 1382 2283 1576 2321; x_wconf 87' lang='lat' dir='ltr'>acceperint</span> 
     </span>
     <span class='ocr_line' id='line_1_38' title="bbox 257 2326 1575 2369; baseline -0.005 -8"><span class='ocrx_word' id='word_1_307' title='bbox 257 2331 402 2368; x_wconf 69' lang='lat' dir='ltr'>Vrsinus,</span> <span class='ocrx_word' id='word_1_308' title='bbox 417 2331 481 2361; x_wconf 83' lang='lat' dir='ltr'>coll.</span> <span class='ocrx_word' id='word_1_309' title='bbox 502 2331 541 2369; x_wconf 79' lang='lat' dir='ltr'>Q.</span> <span class='ocrx_word' id='word_1_310' title='bbox 560 2330 613 2360; x_wconf 72' lang='lat' dir='ltr'>Fr.</span> <span class='ocrx_word' id='word_1_311' title='bbox 636 2331 679 2360; x_wconf 93' lang='lat' dir='ltr'>iii.</span> <span class='ocrx_word' id='word_1_312' title='bbox 700 2331 728 2359; x_wconf 90' lang='lat'>8.</span> <span class='ocrx_word' id='word_1_313' title='bbox 744 2340 782 2368; x_wconf 89' lang='lat'>3:</span> <span class='ocrx_word' id='word_1_314' title='bbox 812 2340 899 2368; x_wconf 86' lang='lat' dir='ltr'>quae</span> <span class='ocrx_word' id='word_1_315' title='bbox 917 2333 987 2358; x_wconf 88' lang='lat' dir='ltr'>tum</span> <span class='ocrx_word' id='word_1_316' title='bbox 1005 2329 1068 2358; x_wconf 90' lang='lat' dir='ltr'>erit</span> <span class='ocrx_word' id='word_1_317' title='bbox 1084 2326 1235 2357; x_wconf 83' lang='lat' dir='ltr'>absoluta</span> <span class='ocrx_word' id='word_1_318' title='bbox 1253 2337 1259 2363; x_wconf 94' lang='grc'><strong>;</strong></span> <span class='ocrx_word' id='word_1_319' title='bbox 1284 2336 1367 2356; x_wconf 81' lang='lat' dir='ltr'>sane</span> <span class='ocrx_word' id='word_1_320' title='bbox 1386 2326 1482 2356; x_wconf 86' lang='lat' dir='ltr'>facile</span> <span class='ocrx_word' id='word_1_321' title='bbox 1499 2336 1575 2355; x_wconf 89' lang='lat' dir='ltr'>eum</span> 
     </span>
     <span class='ocr_line' id='line_1_39' title="bbox 251 2369 1576 2410; baseline -0.006 -5"><span class='ocrx_word' id='word_1_322' title='bbox 251 2386 289 2405; x_wconf 89' lang='lat' dir='ltr'>ac</span> <span class='ocrx_word' id='word_1_323' title='bbox 316 2375 458 2404; x_wconf 84' lang='lat' dir='ltr'>libenter</span> <span class='ocrx_word' id='word_1_324' title='bbox 483 2374 670 2404; x_wconf 84' lang='lat' dir='ltr'>renuntiari</span> <span class='ocrx_word' id='word_1_325' title='bbox 689 2373 858 2402; x_wconf 83' lang='lat' dir='ltr'>consulem</span> <span class='ocrx_word' id='word_1_326' title='bbox 882 2372 1071 2410; x_wconf 87' lang='lat' dir='ltr'>acceperim</span> <span class='ocrx_word' id='word_1_327' title='bbox 1093 2371 1170 2400; x_wconf 76' lang='lat' dir='ltr'>coni.</span> <span class='ocrx_word' id='word_1_328' title='bbox 1191 2369 1294 2399; x_wconf 76' lang='lat' dir='ltr'>Reid:</span> <span class='ocrx_word' id='word_1_329' title='bbox 1317 2380 1403 2407; x_wconf 88' lang='lat' dir='ltr'>quae</span> <span class='ocrx_word' id='word_1_330' title='bbox 1426 2374 1493 2398; x_wconf 83' lang='lat' dir='ltr'>tum</span> <span class='ocrx_word' id='word_1_331' title='bbox 1512 2369 1576 2399; x_wconf 88' lang='lat' dir='ltr'>erit</span> 
     </span>
     <span class='ocr_line' id='line_1_40' title="bbox 252 2412 1575 2448; baseline -0.005 0"><span class='ocrx_word' id='word_1_332' title='bbox 252 2417 406 2448; x_wconf 86' lang='lat' dir='ltr'>absoluta</span> <span class='ocrx_word' id='word_1_333' title='bbox 432 2428 514 2448; x_wconf 86' lang='lat' dir='ltr'>sane</span> <span class='ocrx_word' id='word_1_334' title='bbox 531 2417 627 2447; x_wconf 87' lang='lat' dir='ltr'>facile</span> <span class='ocrx_word' id='word_1_335' title='bbox 642 2427 649 2446; x_wconf 74' lang='grc' dir='ltr'>ε</span> <span class='ocrx_word' id='word_1_336' title='bbox 674 2427 749 2446; x_wconf 87' lang='lat' dir='ltr'>eum</span> <span class='ocrx_word' id='word_1_337' title='bbox 767 2416 911 2446; x_wconf 86' lang='lat' dir='ltr'>libenter</span> <span class='ocrx_word' id='word_1_338' title='bbox 933 2425 1022 2444; x_wconf 89' lang='lat' dir='ltr'>nunc</span> <span class='ocrx_word' id='word_1_339' title='bbox 1039 2413 1177 2444; x_wconf 87' lang='lat' dir='ltr'>Caesari</span> <span class='ocrx_word' id='word_1_340' title='bbox 1195 2412 1367 2443; x_wconf 84' lang='lat' dir='ltr'>consulem</span> <span class='ocrx_word' id='word_1_341' title='bbox 1384 2412 1575 2442; x_wconf 86' lang='lat' dir='ltr'>accuderim</span> 
     </span>
     <span class='ocr_line' id='line_1_41' title="bbox 254 2455 1576 2500; baseline -0.005 -9"><span class='ocrx_word' id='word_1_342' title='bbox 254 2461 337 2491; x_wconf 84' lang='lat' dir='ltr'>Boot</span> <span class='ocrx_word' id='word_1_343' title='bbox 352 2462 410 2500; x_wconf 83' lang='lat' dir='ltr'>qui</span> <span class='ocrx_word' id='word_1_344' title='bbox 424 2471 499 2491; x_wconf 86' lang='lat' dir='ltr'>eum</span> <span class='ocrx_word' id='word_1_345' title='bbox 513 2484 520 2491; x_wconf 89' lang='lat'>.</span> <span class='ocrx_word' id='word_1_346' title='bbox 537 2484 544 2490; x_wconf 85' lang='lat'>.</span> <span class='ocrx_word' id='word_1_347' title='bbox 561 2485 566 2490; x_wconf 95' lang='lat'>.</span> <span class='ocrx_word' id='word_1_348' title='bbox 580 2460 769 2490; x_wconf 82' lang='lat' dir='ltr'>accuderim</span> <span class='ocrx_word' id='word_1_349' title='bbox 787 2470 825 2488; x_wconf 82' lang='lat' dir='ltr'>ex</span> <span class='ocrx_word' id='word_1_350' title='bbox 835 2457 1003 2498; x_wconf 67' lang='lat' dir='ltr'>Madvtgzb</span> <span class='ocrx_word' id='word_1_351' title='bbox 1013 2457 1125 2487; x_wconf 76' lang='lat' dir='ltr'>hausit</span> <span class='ocrx_word' id='word_1_352' title='bbox 1133 2456 1256 2497; x_wconf 77' lang='lat' dir='ltr'>cuiipSt&#39;</span> <span class='ocrx_word' id='word_1_353' title='bbox 1266 2456 1299 2486; x_wconf 82' lang='lat' dir='ltr'>in</span> <span class='ocrx_word' id='word_1_354' title='bbox 1311 2466 1372 2486; x_wconf 88' lang='lat' dir='ltr'>voc.</span> <span class='ocrx_word' id='word_1_355' title='bbox 1387 2455 1576 2486; x_wconf 85' lang='lat' dir='ltr'>accuderim</span> 
     </span>
     <span class='ocr_line' id='line_1_42' title="bbox 254 2502 965 2545; baseline -0.004 -11"><span class='ocrx_word' id='word_1_356' title='bbox 254 2505 430 2545; x_wconf 71' lang='lat' dir='ltr'>pmcivcrat</span> <span class='ocrx_word' id='word_1_357' title='bbox 446 2503 564 2534; x_wconf 78' lang='lat' dir='ltr'>Rosius</span> <span class='ocrx_word' id='word_1_358' title='bbox 581 2515 587 2533; x_wconf 90' lang='lat'>:</span> <span class='ocrx_word' id='word_1_359' title='bbox 611 2503 669 2534; x_wconf 81' lang='lat' dir='ltr'>alii</span> <span class='ocrx_word' id='word_1_360' title='bbox 688 2503 754 2533; x_wconf 78' lang='lat' dir='ltr'>alia</span> <span class='ocrx_word' id='word_1_361' title='bbox 772 2502 965 2532; x_wconf 75' lang='lat' dir='ltr'>coniecerunt</span> 
     </span>
    </p>
   </div>
   <div class='ocr_carea' id='block_1_9' title="bbox 1595 582 1612 604">
    <p class='ocr_par' dir='ltr' id='par_1_10' title="bbox 1595 582 1612 604">
     <span class='ocr_line' id='line_1_43' title="bbox 1595 582 1612 604; baseline 0 0"><span class='ocrx_word' id='word_1_362' title='bbox 1595 582 1612 604; x_wconf 72' lang='lat' dir='ltr'>D</span> 
     </span>
    </p>
   </div>
   <div class='ocr_carea' id='block_1_10' title="bbox 1599 896 1635 917">
    <p class='ocr_par' dir='ltr' id='par_1_11' title="bbox 1599 896 1635 917">
     <span class='ocr_line' id='line_1_44' title="bbox 1599 896 1635 917; baseline 0 0"><span class='ocrx_word' id='word_1_363' title='bbox 1599 896 1635 917; x_wconf 84' lang='lat'>10</span> 
     </span>
    </p>
   </div>
   <div class='ocr_carea' id='block_1_11' title="bbox 1597 1547 1637 1568">
    <p class='ocr_par' dir='ltr' id='par_1_12' title="bbox 1597 1547 1637 1568">
     <span class='ocr_line' id='line_1_45' title="bbox 1597 1547 1637 1568; baseline 0 0"><span class='ocrx_word' id='word_1_364' title='bbox 1597 1547 1637 1568; x_wconf 88' lang='grc'>20</span> 
     </span>
    </p>
   </div>
   <div class='ocr_carea' id='block_1_12' title="bbox 1596 1870 1634 1902">
    <p class='ocr_par' dir='ltr' id='par_1_13' title="bbox 1596 1870 1634 1902">
     <span class='ocr_line' id='line_1_46' title="bbox 1596 1870 1634 1902; baseline 0 0"><span class='ocrx_word' id='word_1_365' title='bbox 1596 1870 1634 1902; x_wconf 87' lang='lat'>25</span> 
     </span>
    </p>
   </div>
  </div>
 </body>
</html>
