1773 2651
204 167 250 203 V.
270 167 345 204 viii
650 170 706 206 M.
739 170 906 207 TVLLI
939 170 1246 209 CICERONIS

280 277 376 316 illud
417 286 457 316 ut
496 279 569 329 ipsi
609 293 680 317 nos
720 280 751 318 si
791 280 887 330 quid
919 281 1060 319 servari
1100 289 1232 331 posset
1271 296 1389 331 quam
1429 281 1612 321 facillime

236 348 530 385 3servaremus.
610 346 729 382 Nunc
768 359 848 383 rem
889 353 1012 383 totam
1058 346 1269 396 perspicias
1308 346 1449 394 velim3
1496 347 1612 386 nobis

279 407 383 445 enim
407 408 629 447 scribuntur
650 423 766 459 saepe
789 410 946 448 maiora.
1007 410 1046 449 Si
1069 411 1131 449 ille
1149 410 1331 460 queritur,
1355 411 1386 449 si
1407 411 1539 450 scribit
1559 413 1611 450 ad

276 472 436 520 amicos,
470 473 500 511 si
530 473 635 512 idem
668 476 811 512 Fausta
840 476 932 520 vult,
964 475 1208 522 Philotimus,
1239 483 1281 513 ut
1310 489 1383 525 ego
1413 475 1448 513 ei
1477 489 1610 514 coram

277 537 450 576 dixeram
491 538 666 588 mihique
705 538 769 577 ille
808 547 1017 589 receperat,
1054 554 1104 577 ne
1143 539 1191 577 sit
1226 540 1348 578 invito
1383 540 1536 579 Milone
1571 541 1648 582 in5

276 603 401 640 bonis.
465 603 573 641 Nihil
598 603 714 642 nobis
739 605 863 642 fuerat
892 604 998 642 tanti.
1060 605 1128 643 Sin
1155 606 1252 643 haec
1279 604 1424 643 leviora
1444 613 1545 653 sunt,
1569 613 1610 643 tu

276 666 478 706 iudicabis.
533 669 713 718 Loquere
734 682 825 707 cum
850 669 1040 707 Duronio.
1092 669 1236 719 Scripsi
1257 669 1374 708 etiam
1395 671 1446 708 ad
1468 669 1611 709 Camil-

275 734 367 779 lum,
391 735 445 770 ad
466 735 649 781 Caelium,
673 735 722 772 ad
755 734 934 773 Lamiam
966 748 1093 785 eoque
1124 735 1246 784 magis
1277 737 1385 785 quod
1412 749 1493 773 non
1519 749 1610 774 con-

274 798 447 836 fidebam
472 800 624 837 Romae
652 807 689 837 te
711 813 805 837 esse.
868 802 1032 838 Summa
1059 799 1129 838 erit
1150 801 1258 838 haec.
1319 802 1473 839 Statues
1494 808 1536 838 ut
1563 814 1609 839 ex

274 863 363 911 fide,
387 865 490 901 fama
511 877 630 914 reque
652 878 739 903 mea
760 864 966 903 videbitur.
1631 878 1669 900 10

317 980 384 1016 IX
604 984 673 1016 Ser.
693 985 771 1015 Acti
787 986 858 1016 xvii
872 985 914 1016 K.
937 984 1048 1025 Quint.
1071 996 1100 1015 a.
1121 995 1175 1025 705
1193 985 1279 1026 (51).

696 1056 872 1087 CICERO
897 1056 1069 1088 ATTICO
1095 1056 1192 1088 SAL.

238 1138 254 1165 1
328 1128 488 1167 Actium
510 1128 689 1166 venimus
709 1142 742 1166 a.
759 1130 796 1167 d.
820 1141 908 1166 xvll
939 1130 1026 1166 Kal.
1052 1128 1251 1177 Quintilis,
1275 1141 1365 1167 cum
1387 1127 1549 1178 quidem
1570 1135 1609 1167 et

274 1194 467 1242 Corcyrae
487 1202 525 1232 et
553 1194 710 1243 Sybotis
738 1193 968 1233 muneribus
989 1193 1065 1232 tuis
1086 1207 1188 1244 quae
1215 1201 1254 1232 et
1274 1196 1401 1232 Araus
1428 1201 1467 1232 et
1496 1208 1608 1233 meus

271 1258 420 1296 amicus
444 1259 686 1308 Eutychides
714 1259 874 1309 opipare
901 1267 940 1298 et
964 1260 1347 1310 φιλοπροσηνέστατα
1375 1259 1490 1297 nobis
1517 1273 1608 1297 con-
1630 1271 1667 1303 15

270 1331 469 1373 gesserant
508 1324 654 1374 epulati
697 1338 872 1362 essemus
919 1324 1105 1363 Saliarem
1155 1324 1193 1362 in
1240 1325 1416 1363 modum.
1490 1323 1608 1362 Actio

273 1389 482 1426 maluimus
509 1388 580 1427 iter
607 1390 733 1427 facere
759 1389 928 1438 pedibus
949 1389 1016 1439 qui
1044 1389 1410 1427 incommodissime
1435 1388 1608 1438 navigas-

271 1467 416 1499 semus,
441 1462 478 1492 et
510 1456 724 1492 Leucatam
755 1456 911 1493 flectere
942 1456 1153 1493 molestum
1182 1455 1399 1501 videbatur,
1425 1453 1607 1492 actuariis

269 1527 402 1558 autem
425 1519 584 1558 minutis
607 1522 740 1558 Patras
767 1521 956 1559 accedere
978 1520 1061 1559 sine
1091 1520 1385 1570 impedimentis
1412 1533 1492 1557 non
1514 1519 1606 1557 satis

270 1584 396 1622 visum
418 1592 475 1623 est
496 1586 696 1623 decorum.
758 1587 854 1635 Ego,
879 1593 921 1623 ut
942 1599 1059 1636 saepe
1082 1593 1122 1623 tu
1147 1599 1210 1623 me
1235 1592 1455 1623 currentem
1481 1586 1607 1623 horta·
1627 1597 1667 1619 20

270 1657 331 1688 tus
362 1664 412 1696 es,
437 1650 582 1689 cotidie
613 1650 791 1697 meditor,
822 1650 1022 1700 praecipio
1055 1650 1161 1698 meis,
1192 1650 1332 1688 faciam
1364 1649 1537 1699 denique
1564 1657 1606 1688 ut

269 1730 424 1753 summa
454 1715 648 1754 modestia
679 1723 717 1754 et
748 1729 903 1754 summa
933 1716 1172 1755 abstinentia
1203 1729 1345 1753 munus
1378 1716 1453 1753 hoc
1486 1723 1607 1753 extra-

269 1780 510 1819 ordinarium
533 1782 796 1818 traducamus.
860 1783 1027 1819 Parthus
1049 1780 1166 1819 velim
1195 1780 1371 1830 quiescat
1392 1787 1430 1817 et
1450 1781 1606 1817 fortuna

271 1860 342 1884 nos
364 1845 478 1892 iuvet,
503 1854 635 1884 nostra
655 1846 951 1895 praestabimus.

227 1914 253 1942 2
325 1913 388 1948 Tu
419 1925 567 1961 quaeso
598 1911 694 1961 quid
728 1926 831 1961 agas,
865 1912 932 1950 ubi
962 1925 1122 1961 quoque
1152 1918 1328 1960 tempore
1358 1912 1509 1948 futurus
1539 1910 1600 1956 sis,
1625 1920 1662 1952 25

270 1976 395 2026 qualis
417 1990 475 2014 res
497 1984 649 2015 nostras
679 1979 832 2016 Romae
861 1976 1073 2027 reliqueris,
1097 1976 1265 2014 maxime
1286 1977 1336 2014 de
1361 1971 1419 2013 Χῖ
1440 1984 1478 2014 et
1499 1972 1604 2014 Dccc

268 2055 361 2080 cura
388 2049 429 2079 ut
459 2042 639 2080 sciamus.
704 2044 751 2081 Id
780 2042 867 2081 unis
898 2042 1105 2092 diligenter
1131 2040 1267 2079 litteris
1297 2040 1398 2079 datis
1425 2054 1525 2090 quae
1552 2043 1603 2080 ad

270 2121 333 2146 me
363 2107 498 2157 utique
526 2110 768 2157 perferantur
796 2121 1049 2157 consequere.
1112 2107 1216 2145 Illud
1243 2113 1387 2153 tamen,
1414 2106 1602 2155 quoniam

268 2186 374 2211 nunc
394 2173 489 2211 abes
517 2187 607 2211 cum
638 2174 679 2212 id
706 2187 786 2212 non
816 2172 951 2222 agitur,
975 2171 1103 2210 aderis
1129 2178 1262 2209 autem
1291 2172 1343 2208 ad
1371 2178 1536 2220 tempus,
1561 2178 1603 2209 ut

313 2280 333 2308 8
356 2279 397 2309 ad
416 2278 567 2309 Caelium
589 2277 663 2308 add.
681 2276 812 2307 Schiche
827 2275 895 2307 coll.
914 2275 1008 2305 Fam.
1025 2274 1090 2305 viii.
1111 2284 1140 2313 3.
1158 2285 1187 2309 2,
1208 2274 1282 2303 bene
1374 2275 1413 2303 16
1438 2273 1601 2304 Saliarem

271 2321 315 2351 C:
342 2323 407 2352 alia
432 2332 502 2352 rem
531 2320 571 2350 M
764 2329 802 2359 19
826 2320 899 2349 sine
927 2319 1005 2357 imp.
1040 2321 1081 2349 Σε
1110 2318 1219 2350 Crat.:
1245 2318 1297 2348 sin
1330 2318 1378 2348 eis
1413 2318 1492 2356 imp.
1525 2316 1600 2346 M1:

259 2365 339 2403 sort.
367 2366 442 2395 sine
470 2365 553 2395 meis
580 2364 658 2402 imp.
794 2372 834 2400 25
859 2371 993 2400 quoque
1015 2360 1160 2390 Rosius:
1183 2370 1314 2398 quoque
1340 2360 1402 2390 hoc
1424 2359 1471 2398 M,
1491 2359 1548 2389 sed
1564 2361 1599 2399 cf.

274 2419 321 2441 10.
336 2420 355 2448 5
490 2410 532 2438 26
557 2409 598 2438 de
617 2417 662 2437 xx
682 2405 867 2436 Corradus:
895 2405 936 2434 de
963 2413 1029 2434 cxx
1050 2404 1096 2442 M,
1115 2402 1172 2433 sed
1191 2403 1226 2442 cf
1247 2412 1275 2441 5.
1296 2413 1315 2432 2
1406 2408 1439 2433 et
1458 2403 1574 2434 Lamb.
1592 2415 1599 2433 2

269 2457 303 2482 et
320 2452 418 2482 deM
