1773 2651
139 180 185 216 V.
210 178 286 215 xxi
632 179 686 217 M.
719 180 887 217 TVLLI
919 179 1226 218 CICERONIS

261 297 298 328 te
329 303 407 328 non
438 297 583 340 putare.
645 291 722 328 Sed
750 291 915 340 posthac
945 290 1079 328 omnia
1106 304 1207 340 quae
1234 298 1339 328 recta
1368 303 1449 328 non
1479 297 1591 328 erunt

260 368 330 405 pro
351 363 457 393 certo
480 362 631 404 negato.
693 356 776 392 Nos
799 355 904 393 enim
932 363 969 393 et
990 363 1122 393 nostra
1143 363 1283 405 sponte
1303 356 1406 393 bene
1433 355 1533 393 firmi
1554 362 1591 393 et

262 433 324 457 me
353 421 510 457 hercule
537 419 769 457 auctoritate
796 427 861 457 tua
888 419 1121 457 inflammati
1147 419 1311 458 vicimus
1344 420 1472 458 omnis
1499 421 1591 470 (hoc

261 491 302 521 tu
342 484 394 522 ita
433 483 617 534 reperies)
657 497 748 522 cum
791 483 1030 522 abstinentia
1075 492 1158 522 tum
1198 484 1354 532 iustitia,
1396 485 1592 532 facilitate,

260 548 480 587 clementia.
541 550 648 588 Cave
675 556 788 598 putes
817 548 1028 598 quicquam
1051 549 1232 588 homines
1261 549 1383 600 magis
1403 563 1592 599 umquam
1613 562 1629 592 5

261 627 347 652 esse
379 614 537 651 miratos
567 627 686 663 quam
717 615 869 651 nullum
901 614 1139 652 terruncium
1175 628 1238 653 me
1272 614 1477 653 obtinente
1510 628 1594 664 pro-

261 678 430 716 vinciam
461 686 641 728 sumptus
668 680 815 717 factum
841 692 926 717 esse
957 679 1090 717 necin
1118 693 1199 718 rem
1228 680 1427 730 publicam
1456 694 1529 718 nec
1554 680 1593 717 in

262 757 501 794 quemquam
534 757 711 782 meorum
740 752 892 793 praeter
916 758 1035 794 quam
1065 744 1104 782 in
1136 746 1177 783 L.
1201 745 1377 783 Tullium
1408 746 1591 794 legatum.

264 810 302 846 Is
324 808 524 858 ceteroqui
545 808 748 847 abstinens
765 810 835 847 sed
858 809 959 847 Iulia
979 810 1063 858 lege
1080 809 1298 856 transitans,
1319 811 1439 848 semel
1462 818 1593 847 tamen

262 874 299 911 in
332 874 452 921 diem,
480 888 559 911 non
591 882 632 911 ut
662 873 726 911 alii
757 875 938 912 solebant
969 874 1154 913 omnibus
1182 874 1277 913 vicis
1308 875 1476 924 (praeter
1503 889 1593 913 eum
1617 890 1655 912 10

261 941 382 978 semel
415 953 534 978 nemo
567 939 749 989 accepit),
788 939 878 977 facit
911 947 953 977 ut
988 939 1084 977 mibi
1118 939 1373 990 excipiendus
1409 940 1467 987 sit,
1503 953 1592 977 curn

261 1004 500 1043 terruncium
540 1018 641 1054 nego
681 1012 862 1054 sumptus
901 1006 1059 1042 factum.
1121 1007 1276 1043 Praeter
1315 1018 1405 1043 eum
1439 1004 1592 1054 accepit

261 1084 390 1108 nemo.
452 1072 538 1108 Has
559 1083 581 1107 a
602 1077 736 1108 nostro
758 1071 806 1118 Q
830 1070 981 1107 Titinio
1002 1070 1127 1108 sordis
1147 1070 1383 1120 accepimus.

214 1143 242 1180 6
317 1137 402 1185 Ego
418 1135 573 1173 aestivis
590 1134 779 1173 confectis
795 1135 989 1184 Quintum
1008 1137 1163 1173 fratrem
1181 1135 1354 1173 hibernis
1371 1143 1409 1173 et
1430 1134 1592 1175 Ciliciae

261 1200 440 1250 praefeci.
503 1202 550 1249 Q.
575 1200 784 1238 Volusium
815 1200 871 1238 tui
902 1200 1036 1238 Tiberi
1063 1214 1266 1251 generum,
1293 1209 1443 1239 certum
1471 1199 1595 1238 homi·
1620 1218 1653 1249 ¹5

262 1280 350 1304 nem
375 1267 443 1304 sed
470 1265 633 1304 mirifice
660 1265 778 1303 etiam
807 1265 1083 1312 abstinentem,
1108 1265 1194 1303 misi
1220 1265 1259 1302 in
1283 1266 1457 1315 Cyprum
1478 1273 1519 1303 ut
1541 1264 1594 1303 ibi

260 1333 450 1381 pauculos
478 1330 562 1369 dies
590 1339 702 1377 esset,
726 1344 776 1369 ne
806 1330 910 1368 cives
940 1330 1111 1368 Romani
1142 1330 1256 1380 pauci
1287 1330 1353 1380 qui
1381 1330 1459 1368 illic
1480 1343 1595 1380 nego-

262 1396 407 1434 tiantur
442 1395 499 1433 ius
534 1395 607 1433 sibi
640 1395 791 1433 dictum
824 1403 1036 1445 negarent,
1077 1409 1168 1433 nam
1204 1394 1357 1433 evocari
1390 1408 1437 1432 ex
1468 1394 1595 1432 insula

219 1470 241 1509 7
263 1461 427 1511 Cyprios
467 1474 547 1498 non
579 1460 682 1499 licet.
742 1462 833 1510 Ipse
873 1460 912 1498 in
951 1460 1087 1498 Asiam
1120 1461 1317 1510 profectus
1349 1473 1435 1497 sum
1470 1461 1594 1497 Tarso

262 1526 390 1564 Nonis
413 1525 614 1572 Ianuariis,
635 1539 714 1563 non
738 1539 800 1564 me
817 1527 975 1564 hercule
992 1525 1071 1564 dici
1092 1533 1221 1575 potest
1237 1538 1315 1574 qua
1334 1523 1594 1562 admiratione
1616 1541 1657 1563 20

261 1591 423 1630 Ciliciae
455 1591 657 1629 civitatum
698 1591 946 1640 maximeque
985 1590 1252 1629 Tarsensium.
1323 1591 1465 1628 Postea
1503 1603 1595 1628 vero

260 1670 379 1706 quam
407 1658 583 1694 Taurum
609 1664 870 1706 transgressus
900 1670 1000 1704 sum,
1022 1656 1185 1694 mirifica
1209 1654 1448 1705 exspectatio
1476 1654 1595 1692 Asiae

261 1730 481 1760 nostrarum
503 1721 745 1760 dioecesium
768 1735 868 1771 quae
897 1735 963 1760 sex
991 1721 1193 1759 mensibus
1214 1719 1351 1770 imperi
1369 1719 1446 1757 mei
1467 1721 1594 1757 nullas

261 1800 368 1824 meas
388 1794 593 1836 acceperat
620 1786 776 1833 litteras,
801 1800 1019 1836 numquam
1048 1786 1244 1836 hospitem
1265 1784 1426 1823 viderat.
1488 1786 1594 1823 Illud

260 1860 391 1890 autem
427 1859 583 1900 tempus
617 1851 830 1901 quotannis
861 1859 953 1889 ante
986 1865 1048 1889 rne
1082 1852 1206 1889 suerat
1238 1849 1277 1887 in
1307 1850 1384 1887 hoc
1414 1857 1590 1899 quaestu.
1616 1865 1652 1896 ²5

261 1917 448 1956 Civitates
470 1918 686 1967 locupletes
708 1931 757 1955 ne
778 1916 818 1954 in
840 1917 1004 1954 hiberna
1026 1916 1167 1954 milites
1195 1914 1411 1965 reciperent
1433 1927 1593 1963 magnas

260 1982 447 2032 pecunias
477 1981 635 2027 dabant,
671 1981 803 2031 Cyprii
835 1983 981 2019 talenta
1011 1981 1143 2019 Attica
1176 1992 1249 2027 CC,
1281 1993 1359 2029 qua
1390 1993 1436 2017 ex
1467 1978 1593 2016 insula

259 2049 358 2097 (non
383 2049 636 2097 ὑπερβολικῶς
663 2049 731 2085 sed
754 2047 953 2085 verissime
979 2046 1134 2096 loquor)
1157 2059 1343 2084 numnius
1371 2046 1501 2082 nullus
1530 2058 1592 2082 me

259 2113 464 2151 obtinente
486 2113 720 2163 erogabitur.
779 2113 844 2151 Ob
873 2114 970 2150 haec
997 2111 1191 2150 beneficia
1212 2111 1354 2160 quibus
1377 2110 1429 2147 illi
1461 2110 1592 2148 obstu—

306 2226 319 2245 1
347 2222 437 2247 recta
456 2214 647 2247 NHPCZI:
675 2221 766 2246 certa
785 2215 825 2245 M
999 2226 1019 2254 9
1043 2215 1103 2245 sed
1120 2215 1188 2245 secl.
1209 2213 1278 2244 edd.
1302 2213 1401 2243 mulsi
1501 2217 1590 2243 tran-

259 2259 365 2290 sitans
398 2260 481 2289 Affan
510 2271 515 2289 :
542 2260 717 2289 transitam
753 2259 812 2288 ill·
849 2259 989 2289 transita
1021 2259 1198 2289 Ascensus
1215 2269 1222 2288 z
1256 2257 1398 2296 prandia
1431 2255 1591 2295 Madvzg:

258 2304 454 2341 pransitans
472 2303 662 2342 Peerlkamp
675 2302 817 2333 lllz't'llcr:
842 2303 1016 2332 transitam
1035 2306 1146 2332 ortum
1163 2312 1228 2331 esse
1244 2311 1282 2329 ex
1297 2301 1330 2330 in
1350 2300 1492 2330 transitu
1506 2298 1595 2338 qvod

258 2347 368 2386 ipsum
392 2346 504 2376 Graeci
527 2347 699 2376 cuiusdam
718 2347 804 2376 velut
829 2346 862 2376 ἐν
888 2348 1013 2384 παρόδῳ
1033 2346 1199 2384 glossema
1213 2344 1334 2383 ficisset
1346 2346 1445 2383 putat
1471 2342 1593 2381 Tyrrell

263 2400 315 2423 10,
337 2400 368 2419 11
397 2395 532 2428 praeter
549 2414 556 2420 .
580 2414 586 2421 .
606 2415 612 2421 .
635 2390 767 2429 accepit
784 2390 854 2421 secl.
871 2389 939 2420 edd.
956 2389 1096 2429 plerique
1203 2387 1297 2420 vicis,
1316 2387 1445 2424 accepit
1463 2391 1495 2415 et
1514 2385 1590 2415 facit

259 2432 398 2472 Madzrtggr
574 2436 614 2463 16
638 2434 712 2475 sed]
733 2438 766 2463 et
787 2432 953 2463 Corradus
1107 2432 1207 2461 etiam
1231 2430 1345 2460 codices
1363 2429 1590 2468 Malaspinae:

258 2487 322 2507 om.
345 2477 390 2509 M,
405 2477 440 2513 cf.
462 2478 505 2508 iii.
531 2487 576 2515 15.
598 2487 617 2515 5
750 2487 792 2515 29
817 2476 1010 2515 erogabitur
1028 2475 1258 2516 §praelerEz
1283 2473 1483 2512 erogabatur
1500 2471 1562 2501 ΔΕ
