1773 2651
607 154 719 190 EPP.
752 153 829 191 AD
859 154 1122 192 ATTICVM
1470 156 1516 192 V.
1535 155 1627 192 xvii

187 281 277 306 cum
306 266 345 305 in
372 274 497 305 castra
517 265 783 316 proficiscerer
801 280 824 304 a
845 265 987 316 quibus
1015 266 1173 304 aberam
1198 265 1320 304 bidui.
1382 265 1521 304 Paucis

187 332 328 371 diebus
369 332 565 370 habebam
609 338 735 369 certos
778 331 958 369 homines
1000 331 1144 381 quibus
1185 332 1318 369 darem
1363 331 1518 370 litteras.

188 399 329 447 Itaque
363 411 411 435 eo
446 410 508 434 me
547 395 705 434 servavi.
767 397 851 433 Nos
891 403 1033 442 tamen,
1068 395 1139 433 etsi
1174 397 1250 433 hoc
1286 403 1323 433 te
1358 410 1403 434 ex
1437 395 1566 433 aliis2

186 461 322 499 audire
353 463 470 504 malo,
498 460 552 499 sic
582 460 621 498 in
651 459 852 511 provincia
882 473 954 497 nos
983 459 1167 509 gerimus,
1188 461 1297 509 quod
1326 462 1377 498 ad
1406 460 1522 499 absti-

149 537 165 568 5
187 525 363 564 nentiam
397 525 546 572 attinet,
576 533 618 563 ut
649 526 780 562 nullus
815 524 1032 563 terruncius
1067 524 1285 563 insumatur
1319 524 1359 563 in
1389 539 1523 575 quem*

187 604 317 641 quarn.
379 591 427 629 Id
460 591 502 628 fit
533 590 650 628 etiam
683 598 721 628 et
753 591 969 639 legatorum
1005 597 1043 627 et
1073 589 1319 628 tribunorum
1350 598 1388 628 et
1418 604 1524 640 prae-

188 657 379 694 fectorum
414 655 640 705 diligentia;
679 668 771 692 nam
807 668 946 693 omnes
982 654 1143 693 mirifice
1178 655 1525 704 συμφιλοδοξοῦσιν

186 720 331 771 gloriae
361 734 483 758 meae.
546 722 671 770 Lepta
698 728 831 758 noster
858 719 1046 757 mirificus
1074 727 1141 758 est.
1203 721 1281 758 Sed
1309 734 1414 758 nunc
1439 734 1524 770 pro-

188 799 292 836 pero.
354 785 598 824 Perscribam
628 786 678 823 ad
707 792 744 823 te
771 784 907 835 paucis
934 784 1075 823 diebus
1106 785 1249 823 onmia.
1310 785 1523 824 Cicerones
1543 793 1568 831 3

131 862 169 883 10
189 857 344 888 nostros
376 850 586 888 Deiotarus
616 849 727 895 filius,
758 849 826 899 qui
860 863 925 887 rex
953 850 1003 887 ab
1034 857 1172 888 senatu
1202 851 1421 900 appellatus
1452 857 1521 896 est,

189 929 323 954 secum
358 915 398 952 in
433 929 606 965 regnum.
674 917 781 952 Dum
816 914 856 952 in
890 915 1046 954 aestivis
1086 929 1159 954 nos
1193 928 1378 961 essemus,
1414 915 1523 953 illum

189 980 319 1030 pueris
346 981 478 1018 locum
506 994 591 1019 esse
619 980 878 1019 bellissimum
903 980 1097 1019 duximus.

243 1045 392 1083 Sestius
412 1047 462 1084 ad
484 1059 547 1084 me
568 1045 720 1095 scripsit
736 1059 837 1095 quae
854 1052 985 1083 tecum
1007 1052 1109 1084 esset
1125 1047 1175 1084 de
1197 1059 1285 1084 mea
1305 1045 1525 1084 domestica
1542 1057 1569 1095 4

189 1118 228 1149 et
253 1111 422 1148 maxima
449 1125 541 1149 cura
567 1112 722 1149 locutus
752 1118 790 1149 et
817 1111 913 1160 quid
941 1110 1011 1149 tibi
1039 1119 1141 1150 esset
1167 1111 1305 1149 visum.
1366 1112 1525 1150 Amabo

133 1187 169 1220 15
191 1183 239 1222 te,
258 1175 445 1214 incumbe
466 1176 506 1213 in
527 1189 614 1214 eam
636 1189 717 1214 rem
738 1182 776 1214 et
796 1177 847 1213 ad
868 1189 931 1214 me
958 1175 1085 1214 scribe
1106 1176 1201 1226 quid
1223 1183 1261 1214 et
1281 1176 1404 1225 possit
1425 1183 1463 1214 et
1484 1183 1525 1214 tu

190 1254 362 1279 censeas.
425 1242 539 1279 Idem
569 1240 722 1290 scripsit
751 1239 1012 1278 Hortensium
1040 1242 1090 1278 de
1118 1242 1364 1290 proroganda
1395 1248 1525 1279 nostra
1546 1251 1570 1290 5

190 1305 391 1355 provincia
422 1305 566 1344 dixisse
601 1304 735 1343 nescio
770 1304 876 1354 quid.
949 1304 1051 1342 Mihi
1081 1305 1120 1342 in
1149 1306 1333 1344 Cumano
1367 1304 1528 1355 diligen-

191 1369 339 1409 tissime
378 1384 419 1409 se
458 1378 500 1408 ut
544 1369 665 1408 annui
705 1383 880 1408 essemus
919 1371 1175 1408 defensurum
1214 1378 1423 1420 receperat.
1489 1369 1529 1408 Si

191 1435 405 1486 quicquam
438 1449 500 1474 me
531 1449 650 1481 amas,
681 1436 788 1472 hunc
818 1435 949 1473 locum
982 1435 1102 1472 muni.
1166 1434 1256 1472 Dici
1286 1448 1367 1473 non
1397 1441 1528 1484 potest

133 1518 172 1539 20
192 1515 311 1551 quam
332 1500 476 1539 invitus
496 1514 519 1538 a
539 1500 651 1538 vobis
673 1499 825 1546 absim3
855 1507 893 1538 et
914 1499 1029 1537 simul
1051 1501 1153 1537 hanc
1174 1499 1337 1549 gloriam
1359 1499 1528 1538 iustitiae

191 1574 230 1605 et
249 1566 512 1605 abstinentiae
539 1566 621 1603 fore
648 1564 911 1603 inlustriorem
937 1578 1051 1614 spero
1076 1564 1107 1602 si
1129 1564 1208 1602 cito
1228 1564 1525 1611 decesserimus,

191 1630 231 1669 id
258 1632 367 1681 quod
398 1632 610 1669 Scaevolae
641 1629 804 1680 contigit
831 1628 899 1679 qui
928 1631 1034 1667 solos
1064 1643 1207 1668 novem
1238 1628 1384 1667 mensis
1410 1628 1528 1667 Asiae

191 1696 367 1746 praefuit.

246 1761 399 1811 Appius
429 1768 561 1799 noster
590 1773 681 1798 cum
717 1773 780 1798 me
808 1760 1021 1798 adventare
1050 1758 1208 1805 videret,
1239 1760 1436 1808 profectus
1468 1765 1525 1796 est
1545 1762 1573 1800 6

135 1842 171 1874 25
192 1829 360 1865 Tarsum
390 1841 515 1877 usque
543 1826 751 1864 Laodicea.
814 1825 876 1863 Ibi
900 1826 1027 1863 forum
1055 1825 1143 1875 agit,
1167 1839 1258 1863 cum
1287 1838 1359 1874 ego
1387 1824 1459 1862 sim
1487 1823 1527 1861 in

193 1891 403 1942 provincia.
465 1893 596 1940 Quam
624 1891 707 1929 eius
733 1889 914 1928 iniuriam
942 1903 1022 1928 non
1051 1889 1231 1928 insector.
1294 1889 1394 1928 Satis
1422 1887 1528 1927 enim

193 1957 322 1995 habeo
357 1956 489 2007 negoti
523 1956 563 1993 in
599 1955 784 1994 sanandis
819 1955 1045 1993 vulneribus
1080 1968 1181 2004 quae
1221 1961 1311 1992 sunt
1346 1952 1530 2004 imposita

195 2021 443 2072 provinciae,
472 2022 581 2071 quod
608 2022 662 2059 do
689 2034 849 2070 operam
877 2027 919 2057 ut
940 2019 1079 2057 faciam
1102 2033 1221 2069 quarn
1249 2018 1414 2056 minima
1438 2032 1529 2056 cum

195 2087 297 2124 illius
320 2086 569 2125 contumelia.
630 2086 708 2123 Sed
736 2086 812 2123 hoc
834 2087 957 2122 Bruto
984 2092 1118 2122 nostro
1139 2083 1255 2122 velim
1276 2083 1395 2130 dicas,
1419 2083 1529 2121 illum

135 2166 175 2196 30
199 2152 336 2190 fecisse
357 2165 437 2190 non
458 2152 561 2190 belle
586 2149 653 2200 qui
673 2151 847 2189 adventu
868 2163 958 2188 meo
975 2162 1094 2199 quam
1115 2148 1342 2199 longissime
1358 2155 1529 2199 potuerit

195 2216 424 2256 discesserit.

244 2332 283 2351 10
306 2321 362 2359 qui
380 2331 445 2352 om.
466 2319 518 2349 M¹
646 2328 683 2358 17
706 2318 833 2349 dixisse
857 2322 926 2348 vett.
948 2329 955 2348 ε
987 2317 1074 2348 dixit
1091 2316 1132 2347 M
1265 2327 1302 2356 19
1328 2317 1417 2347 muni
1437 2310 1528 2348 CZb:

197 2375 271 2395 ama
289 2368 343 2395 ΣΔ
