1773 2651
551 169 663 205 EPP.
697 169 774 204 AD
805 169 1063 207 ATTICVM
1448 171 1524 206 III.
1549 169 1657 206 xviii

173 281 314 316 Vtrum
350 279 390 317 id
424 278 520 315 nihil
555 278 636 323 fuit,
668 291 718 315 an
750 279 977 317 adversatae
1011 286 1102 316 sunt
1130 279 1308 318 Caesaris
1343 279 1502 325 litterae,

172 358 222 381 an
262 352 319 382 est
360 343 509 393 aliquid
548 343 587 380 in
627 345 728 393 spe?
786 343 915 381 Etiam
951 343 1047 382 illud
1087 343 1294 394 scripseras
1333 346 1505 383 eundem

177 409 418 446 ‘secundum
443 407 623 446 comitia'
644 407 798 446 dixisse.
860 410 947 454 Fac,
972 408 1002 446 si
1023 408 1132 447 vides
1153 409 1309 458 quantis
1335 409 1373 446 in
1395 409 1505 448 malis
1526 417 1549 443 2

174 473 322 511 iaceam
353 481 390 512 et
421 473 452 511 si
481 480 595 523 putas
625 487 710 511 esse
740 473 994 511 humanitatis
1025 481 1125 520 tuae,
1163 487 1226 512 me
1256 475 1315 512 fac
1346 475 1396 512 de
1426 482 1508 513 tota

137 550 152 581 5
173 552 291 576 causa
313 545 445 576 nostra
472 537 689 576 certiorem.
750 539 855 575 Nam
878 538 1050 587 Quintus
1077 539 1201 585 frater,
1226 540 1348 577 homo
1376 539 1509 587 mirus,

174 603 241 652 qui
269 617 332 641 me
359 611 439 641 tarn
468 604 582 641 valde
611 610 727 648 amat,
755 603 889 641 omnia
917 603 1033 641 mittit
1064 603 1146 653 spei
1173 605 1289 653 plena
1316 612 1507 650 metuens,

174 669 307 715 credo,
339 667 604 706 defectionem
644 667 764 705 animi
804 667 905 715 mei3
946 676 1035 706 tuae
1069 676 1201 706 autem
1236 669 1385 707 litterae
1419 676 1509 706 sunt

175 732 327 774 variae:
362 746 491 782 neque
522 732 627 771 enim
659 745 721 770 me
749 733 957 782 desperare
981 732 1038 770 vis
1067 746 1140 771 nec
1169 741 1315 772 temere
1343 747 1506 783 sperare.

177 800 264 844 Fac,
306 797 472 835 obsecro
512 805 560 844 te,
603 805 644 835 ut
684 796 817 835 omnia
861 811 961 847 quae
1002 797 1169 848 perspici
1207 812 1230 836 a
1269 806 1306 837 te
1344 807 1509 849 possunt

118 877 156 899 10
175 862 356 901 sciamus.

218 973 330 1009 XIX
443 976 512 1008 Scr.
539 977 781 1008 Thessalonicae
796 977 855 1008 xvi
868 976 912 1008 K.
933 977 998 1008 Oct.
1019 988 1048 1008 α.
1071 978 1133 1018 696
1151 977 1228 1019 (58).

588 1049 766 1081 CICERO
790 1048 963 1080 ATTICO
990 1049 1088 1080 SAL.

232 1122 377 1170 Quoad
410 1122 492 1159 eius
525 1121 634 1160 modi
670 1121 766 1159 mihi
797 1121 947 1159 litterae
977 1135 999 1159 a
1025 1121 1138 1160 vobis
1167 1121 1444 1160 adferebantur
1471 1129 1513 1159 ut
1532 1129 1548 1155 1

176 1186 325 1236 aliquid
351 1200 397 1224 ex
422 1186 467 1224 iis
493 1194 595 1224 esset
623 1187 944 1236 exspectandum,
969 1200 1037 1236 spe
1059 1194 1096 1224 et
1117 1186 1332 1236 cupiditate
1348 1188 1512 1224 Thessa-

122 1266 157 1297 15
177 1251 331 1290 lonicae
359 1259 532 1289 retentus
561 1265 673 1299 sumj
704 1259 841 1301 postea
862 1265 980 1301 quam
1009 1251 1137 1290 omnis
1161 1251 1264 1289 actio
1286 1251 1400 1289 huius
1421 1251 1514 1289 anni

177 1317 358 1354 confecta
383 1316 498 1354 nobis
524 1316 741 1362 videbatur,
766 1316 805 1353 in
827 1316 962 1354 Asiam
991 1317 1044 1354 ire
1072 1316 1195 1363 nolui,
1217 1317 1325 1366 quod
1353 1323 1390 1354 et
1418 1318 1515 1354 cele-

178 1381 296 1420 britas
319 1381 414 1418 mihi
436 1381 529 1420 odio
550 1389 608 1419 est
629 1389 676 1428 et,
694 1381 724 1419 si
746 1382 854 1420 fieret
870 1381 1019 1431 aliquid
1039 1395 1061 1419 a
1079 1381 1190 1419 novis
1212 1380 1512 1431 magistratibus,

177 1448 316 1485 abesse
341 1448 456 1496 longe
485 1447 680 1485 nolebam.
744 1448 884 1496 Itaque
912 1446 951 1484 in
978 1446 1141 1496 Epirum
1169 1447 1220 1484 ad
1245 1454 1282 1484 te
1310 1445 1426 1484 statui
1452 1460 1514 1484 me

179 1514 366 1558 conferre,
400 1525 481 1550 non
521 1525 600 1561 quo
641 1525 727 1550 mea
764 1511 968 1550 interesset
1002 1511 1078 1549 loci
1113 1518 1250 1549 natura
1284 1511 1350 1561 qui
1385 1513 1513 1549 lucem

121 1594 161 1615 20
179 1577 344 1616 omnino
382 1579 568 1627 fugerem,
605 1579 674 1615 sed
711 1585 748 1615 et
783 1579 838 1615 ad
872 1579 1037 1615 salutem
1072 1576 1331 1615 libentissime
1366 1590 1412 1615 ex
1447 1584 1515 1614 tuo

180 1651 293 1693 portu
329 1643 553 1693 proficiscar
587 1650 635 1689 et,
668 1642 699 1680 si
734 1656 780 1681 ea
813 1642 988 1692 praecisa
1021 1642 1102 1689 erit,
1136 1655 1330 1692 nusquam
1365 1641 1515 1680 facilius

180 1709 281 1746 hanc
309 1707 566 1746 miserrimam
592 1707 711 1745 vitam
734 1709 794 1746 vel
822 1708 1052 1746 sustentabo
1073 1709 1145 1753 vel,
1169 1708 1278 1756 quod
1306 1709 1430 1745 multo
1458 1715 1515 1745 est

181 1773 329 1819 melius,
353 1773 545 1811 abiecero.
600 1775 687 1811 Ero
707 1786 797 1811 cum
818 1772 967 1823 paucis,
988 1772 1282 1810 multitudinem
1304 1772 1510 1810 dimittam.

183 1841 252 1877 Me
286 1846 376 1876 tuae
412 1838 561 1876 litterae
601 1851 819 1887 numquam
858 1837 898 1875 in
932 1845 1081 1875 tantam
1121 1850 1232 1886 spem
1266 1837 1557 1879 adduxeruntz

123 1917 161 1948 ²5
182 1911 370 1953 quantam
391 1903 555 1940 aliorum
573 1918 582 1949 3
609 1916 655 1940 ac
677 1911 808 1940 tamen
831 1916 919 1940 mea
938 1915 1026 1952 spes
1048 1901 1165 1940 etiam
1186 1901 1340 1940 tenuior
1361 1915 1515 1951 semper

182 1968 253 2006 fuit
280 1982 399 2017 quarn
428 1976 516 2006 tuae
544 1967 703 2005 litterae.
764 1968 842 2005 Sed
869 1975 1001 2005 tamen
1029 1966 1216 2016 quoniam
1244 1974 1430 2016 coeptum
1457 1974 1515 2005 est

180 2032 252 2082 agi,
283 2046 445 2082 quoquo
480 2033 601 2070 modo
636 2040 822 2082 coeptum
857 2040 915 2070 est
946 2039 984 2070 et
1016 2045 1267 2081 quacumque
1301 2032 1351 2069 de
1385 2045 1513 2077 causa,

182 2111 262 2135 non
292 2099 471 2136 deseram
502 2110 631 2146 neque
667 2097 805 2147 optimi
837 2104 956 2146 atque
987 2096 1093 2135 unici
1125 2096 1249 2134 fratris
1281 2096 1440 2134 miseras
1470 2110 1515 2134 ac

182 2163 380 2200 luctuosas
400 2176 535 2212 preces
560 2176 633 2200 nec
658 2162 758 2200 Sesti
779 2169 1078 2211 ceterorumque
1099 2161 1291 2211 promissa
1312 2174 1383 2198 nec
1405 2174 1515 2210 spem

227 2276 246 2303 3
273 2264 353 2305 Fac]
373 2275 461 2295 nunc
480 2267 529 2295 vel
542 2265 648 2295 simile
664 2264 788 2294 Miillcr
887 2275 924 2303 19
943 2269 1017 2304 post
1034 2265 1215 2295 interesset
1232 2265 1308 2295 add.
1326 2275 1412 2303 quae
1426 2269 1516 2295 esset

185 2309 308 2338 Miiller
330 2309 429 2338 olim:
463 2310 571 2347 qualis
601 2314 691 2339 esset
723 2307 921 2348 lVescnbmg,
949 2308 1007 2338 sed
1028 2309 1067 2348 ss
1103 2309 1203 2338 refert
1230 2308 1326 2339 thcr.
1357 2309 1397 2339 iv.
1427 2309 1516 2347 984:

184 2352 368 2382 interesset
386 2352 494 2382 locum
513 2357 641 2382 mutare
657 2352 774 2381 Bo'ckel
910 2362 951 2382 20
976 2353 1016 2381 ad
1035 2351 1109 2382 add.
1131 2352 1252 2381 Bosius
1382 2362 1424 2390 23
1450 2351 1515 2381 Ero

183 2395 259 2426 add.
275 2399 344 2426 vett.
533 2405 574 2434 25
598 2405 635 2425 ac
657 2394 854 2435 leeuberg,
873 2395 910 2434 cf
932 2394 1073 2435 Madvig
1087 2394 1134 2425 ad
1146 2395 1218 2426 Fin.
1240 2395 1272 2426 ii.
1291 2396 1350 2434 85:
1376 2400 1409 2425 at
1426 2394 1515 2425 codd.

184 2449 223 2477 27
249 2438 301 2477 agi
319 2438 463 2468 Scln'ilz:
488 2449 551 2476 ago
571 2439 625 2467 Μ1
644 2450 649 2467 :
675 2448 738 2476 ego
758 2438 814 2467 ,Μ2

226 2503 288 2524 elc.
310 2503 356 2523 AD
374 2503 445 2524 ΑΠ.
1409 2493 1426 2526 7
