1732 2661
584 181 695 217 EPP.
729 180 806 216 AD
837 178 1096 216 ATTICVM
1454 175 1572 214 11.ix

178 291 330 330 videris.
390 291 548 330 Etenim
576 290 606 329 si
631 291 702 329 fuit
727 290 919 329 invidiosa
946 298 1103 328 senatus
1131 290 1319 340 potentia,
1340 303 1429 327 cum
1461 302 1506 327 ea

178 371 258 395 non
279 359 329 395 ad
350 358 539 407 populum
568 357 637 394 sed
664 358 715 395 ad
744 356 808 394 tris
839 356 1019 395 homines
1048 356 1328 394 immoderatos
1350 356 1507 393 redacta

177 423 235 469 sit,
259 423 354 472 quid
385 423 461 460 iam
492 435 627 460 censes
657 423 771 459 fore?
828 420 999 459 Proinde
1029 420 1090 458 isti
1120 420 1210 458 licet
1240 420 1383 458 faciant
1407 433 1506 469 quos

176 489 308 526 volent
329 488 520 533 consules,
545 486 722 524 tribunos
744 487 806 535 pl„
831 486 1003 535 denique
1025 485 1141 523 etiam
1164 485 1296 523 Vatini
1318 493 1504 523 strumam

140 568 156 598 5
177 552 369 591 sacerdoti
409 553 559 603 διβάφῳ
593 551 774 595 vestiant,
806 551 957 589 videbis
994 550 1099 588 brevi
1132 558 1308 599 tempore
1344 562 1507 598 magnos

176 632 256 656 non
287 619 408 655 modo
433 631 500 655 eos
525 616 592 666 qui
620 616 715 653 nihil
743 616 958 654 titubarunt
988 617 1057 654 sed
1089 615 1207 654 etiam
1237 615 1347 652 illum
1378 614 1506 663 ipsum

176 683 243 733 qui
264 682 439 732 peccavit
457 683 663 721 Catonem.
709 683 813 719 Nam
836 695 907 719 nos
930 681 1103 730 quidem,
1121 680 1234 730 siper
1254 679 1372 717 istum
1394 687 1505 717 tuum
1528 688 1552 724 3

176 750 352 787 sodalem
397 747 582 785 Publium
631 746 773 792 licebit,
816 748 1055 794 σοφιστεύειν
1094 745 1323 795 cogitamus,
1366 744 1395 782 si
1444 744 1507 782 ille

177 813 345 863 †cogitat
367 818 555 859 tantum†,
579 813 782 850 dumtaxat
807 825 879 850 nos
905 812 1128 857 defendere,
1148 818 1196 857 et,
1213 811 1322 860 quod
1343 818 1400 848 est
1422 823 1508 860 pro-

124 901 158 921 10
176 878 303 929 prium
324 877 414 915 artis
436 877 562 923 huius,
587 878 868 928 ἐπαγγέλλομαι

350 942 447 993 ἄνδρ’
477 944 734 992 ἀπαμύνεσθαι
763 943 822 980 ὅτε
851 960 904 983 τις
932 943 1107 992 πρότερος
1135 942 1342 992 χαλεπήνῃ.

177 1009 305 1047 Patria
325 1007 493 1059 propitia
513 1008 572 1046 sit.
634 1008 770 1046 Habet
791 1021 813 1045 a
837 1007 963 1053 nobis,
987 1007 1104 1045 etiam
1126 1006 1157 1044 si
1178 1019 1259 1043 non
1279 1007 1366 1055 plus
1388 1018 1506 1054 quam

176 1074 356 1112 debitum
386 1081 457 1119 est,
478 1074 566 1122 plus
595 1080 700 1110 certe
730 1085 848 1122 quam
878 1073 1120 1122 postulatum
1151 1078 1219 1108 est.
1282 1072 1388 1108 Male
1417 1069 1507 1107 vehi

177 1140 281 1177 malo
311 1137 389 1176 alio
421 1138 666 1188 gubernante
697 1151 816 1187 quam
847 1145 927 1174 tam
959 1136 1117 1186 ingratis
1149 1135 1372 1173 vectoribus
1404 1136 1506 1172 bene

121 1224 157 1255 15
177 1206 404 1255 gubernare.
463 1205 542 1242 Sed
566 1204 664 1242 haec
684 1216 817 1241 coram
838 1202 1100 1241 commodius.
1523 1207 1550 1245 4

232 1272 350 1309 Nunc
378 1269 471 1308 audi
501 1270 611 1319 quod
635 1268 800 1318 quaeris.
860 1268 1024 1306 Antium
1054 1281 1116 1306 me
1141 1282 1187 1306 ex
1215 1266 1426 1305 Formiano
1453 1280 1507 1304 re-

175 1337 303 1387 cipere
324 1335 455 1385 cogito
473 1348 506 1372 a.
530 1336 567 1373 d.
591 1347 616 1372 V
637 1336 774 1372 Nonas
798 1334 949 1382 Maias3
979 1333 1101 1371 Antio
1121 1335 1212 1371 volo
1240 1332 1367 1370 Nonis
1390 1332 1507 1369 Maiis

176 1401 370 1451 proficisci
402 1401 441 1438 in
472 1401 756 1438 Tusculanum.
816 1400 895 1437 Sed
930 1412 1020 1436 curn
1056 1412 1077 1436 e
1113 1397 1324 1436 Formiano
1355 1396 1507 1435 rediero

178 1468 247 1519 (ibi
269 1482 353 1506 esse
378 1481 502 1517 usque
526 1468 577 1505 ad
605 1480 658 1516 pr.
686 1468 734 1503 K.
761 1465 887 1503 Maias
908 1464 1027 1514 volo),
1055 1464 1195 1502 faciam
1221 1462 1350 1501 statim
1373 1470 1410 1500 te
1430 1475 1508 1500 cer-

119 1551 156 1572 20
176 1533 325 1572 tiorem.
384 1532 570 1571 Terentia
599 1531 669 1569 tibi
700 1532 877 1577 salutem,
909 1531 967 1568 καὶ
998 1531 1163 1580 Κικέρων
1190 1531 1208 1567 ὁ
1233 1529 1362 1579 μικρὸς
1390 1528 1508 1565 ἀσπά-

179 1601 277 1646 ζεται
297 1601 405 1637 Τίτον
424 1600 488 1637 τὸν
507 1597 715 1646 Ἀθηιιάἶον.

217 1708 258 1743 Χ
455 1709 524 1741 Ser.
543 1710 583 1740 ab
599 1709 692 1750 Appi
706 1709 791 1739 Foro
807 1708 855 1738 xii
867 1708 909 1739 K.
928 1707 1013 1747 Apr.
1033 1718 1061 1738 a.
1084 1710 1142 1747 695
1161 1706 1246 1747 ⁴(59).

583 1786 758 1817 CICERO
791 1784 961 1815 ATTICO
996 1784 1091 1815 SAL.

227 1868 331 1905 Volo
351 1879 459 1904 ames
482 1878 610 1903 meam
631 1863 904 1902 constantiam.
956 1863 1091 1900 Ludos
1114 1861 1208 1899 Anti
1230 1869 1404 1911 spectare
1425 1874 1505 1899 non

118 1951 154 1981 25
175 1934 302 1982 placet
319 1948 327 1979 ;
361 1940 419 1970 est
449 1931 554 1970 enim
584 1931 843 1975 ἶνποσόλοικον,
877 1941 999 1978 quom
1030 1927 1146 1966 velim
1177 1926 1297 1964 vitare
1327 1926 1504 1964 onmium

174 1998 401 2036 deliciarum
437 1997 714 2047 suspicionem,
751 2002 911 2045 repente
951 1993 1220 2042 ἀναφαίνεσθαι
1258 2005 1338 2029 non
1378 1993 1504 2029 solum

173 2063 339 2102 delicate
366 2065 435 2102 sed
463 2063 580 2101 etiam
602 2062 734 2111 inepte
755 2060 1078 2110 peregrinantem.
1139 2060 1229 2107 Qua
1250 2071 1289 2095 re
1310 2071 1434 2106 usque
1454 2058 1504 2094 ad

174 2129 311 2166 Nonas
347 2128 474 2166 Maias
507 2136 544 2166 te
579 2127 617 2164 in
654 2126 864 2164 Formiano
900 2124 1147 2174 exspectabo.
1219 2123 1337 2160 Nunc
1369 2123 1429 2158 fac
1464 2129 1505 2159 ut

216 2243 234 2262 2
260 2233 396 2263 redacta
429 2232 488 2263 M:
528 2232 648 2263 tralata
677 2231 705 2261 C
833 2241 852 2270 3
878 2231 941 2260 iam
972 2229 1098 2259 Rom.:
1140 2229 1237 2258 etiam
1271 2225 1339 2257 M¹z
1376 2237 1451 2256 nam
1481 2225 1508 2255 C

174 2277 193 2306 8
220 2277 372 2306 Publium
405 2277 462 2307 dcl.
501 2276 593 2307 Cobet
789 2285 810 2314 9
845 2274 1053 2304 contendere
1088 2272 1214 2310 cogitat
1248 2270 1322 2309 (del.
1355 2271 1501 2304 tantum)

177 2318 382 2359 chsenbetg:
419 2321 521 2358 cogit,
552 2324 620 2349 tum
651 2318 766 2348 Orelli:
806 2318 892 2348 male
919 2317 1043 2355 cogitat
1072 2320 1197 2346 tantum
1227 2313 1318 2352 Reid,
1345 2314 1412 2343 coll.
1433 2312 1503 2344 Cat.

172 2362 252 2393 Mai.
276 2364 312 2392 18
450 2374 486 2393 12
511 2367 585 2393 ante
611 2365 718 2401 patria
745 2360 880 2391 addend.
910 2361 1010 2390 modo
1037 2360 1116 2389 com'.
1146 2357 1231 2387 Reid
1365 2359 1403 2386 16
1426 2356 1502 2386 audi

172 2408 213 2437 ad
233 2407 265 2437 id
284 2407 371 2445 quod
389 2406 421 2436 F
547 2416 589 2436 20
613 2405 663 2435 καὶ
676 2404 814 2444 Κικέρων
831 2405 953 2434 Rosius
971 2416 975 2432 :
1002 2405 1214 2432 ΚΑΙΚΕΡΩΝ
1232 2400 1320 2431 codd.
1338 2412 1344 2431 ε
1364 2399 1503 2439 Κικέρων

171 2451 264 2491 vulg.
356 2460 391 2480 21
420 2449 476 2480 τὸν
495 2449 568 2480 add.
593 2451 679 2479 crat.
699 2447 839 2479 Lamb.:
866 2458 920 2477 om
948 2446 989 2475 M
