1773 2651
185 884 223 907 10

185 1539 223 1561 20

186 1861 223 1892 25

186 2184 225 2214 30

641 174 752 210 ΕΡΡ.
785 173 862 209 AD
893 171 1152 209 ATTICVM
1474 171 1600 208 VILi

240 286 402 323 autem?
459 284 588 322 Etiam
622 297 644 321 a
678 284 816 321 Gnaeo
852 290 986 320 nostro
1011 281 1050 319 in
1076 282 1142 320 illo
1172 281 1307 320 divino
1337 282 1451 320 tertio
1481 295 1571 319 con-

241 351 380 387 sulatu.
438 349 563 387 Aliter
584 362 769 395 sensero3
799 348 964 398 αἰδέομαι
985 361 1064 385 non
1098 347 1330 397 Pompeium
1360 349 1480 385 modo
1501 347 1570 384 sed

241 418 366 464 Τρῶας
386 416 445 453 καὶ
465 415 645 464 Τρωάδας.

424 480 673 529 Πουλυδάμας
702 497 765 529 μοι
793 483 935 529 πρῶτος
965 478 1157 530 ἐλεγχείην
1187 479 1399 527 καταθήσει.

243 545 371 594 Quis?
428 547 489 583 Tu
512 545 594 595 ipse
616 545 765 583 scilicet
793 546 973 582 laudator
1003 551 1040 581 et
1063 545 1253 582 factorum
1276 551 1312 581 et
1335 543 1569 592 scriptorum

242 625 430 649 meorum.
492 613 610 648 Hanc
643 624 734 660 ergo
766 612 920 660 plagam
961 609 1077 658 effugi
1117 623 1185 659 per
1219 611 1319 647 duos
1352 607 1570 658 superiores
1592 615 1615 653 5

243 677 521 714 Marcellorum
549 677 776 713 consulatus
807 688 897 713 cum
928 682 985 712 est
1015 681 1146 712 actum
1178 674 1227 711 de
1255 672 1455 723 provincia
1476 673 1572 710 Cae-

241 740 346 786 saris,
370 754 475 778 nunc
496 740 630 778 incido
658 740 696 777 in
726 740 937 778 discrimen
965 739 1125 789 ipsum?
1156 739 1296 787 Itaque
1317 742 1383 777 *lut
1405 738 1570 776 stultus†

242 804 389 854 primus
411 818 521 843 suam
547 804 783 843 sententiam
805 804 920 851 dicat,
945 803 1040 841 mihi
1062 803 1175 840 valde
1205 804 1333 852 placet
1360 803 1409 840 de
1439 801 1570 839 trium-

242 871 322 919 pho
352 883 424 907 nos
456 870 582 907 moliri
613 869 774 919 aliquid,
807 877 913 907 extra
944 869 1082 907 urbem
1118 881 1203 906 esse
1238 881 1327 905 cum
1359 866 1570 904 iustissima

242 948 369 972 causa.
429 936 583 973 Tamen
600 935 753 972 dabunt
774 947 933 984 operam
951 940 992 971 ut
1007 932 1165 971 eliciant
1179 931 1413 971 sententiam
1429 944 1569 969 meam.

244 999 409 1038 Ridebis
444 1000 520 1037 hoc
555 1001 644 1038 loco
678 1001 851 1037 fortasse.
913 1000 1044 1048 Quam
1075 999 1215 1036 vellem
1249 996 1366 1035 etiam
1394 1009 1499 1033 nunc
1532 995 1570 1032 in

242 1065 442 1115 provincia
480 1065 647 1103 morari!
706 1066 826 1102 Plane
866 1078 965 1114 opus
1004 1062 1086 1110 fuit,
1129 1062 1159 1100 si
1192 1064 1267 1101 hoc
1303 1061 1570 1111 impendebat.

244 1130 326 1168 Etsi
362 1130 414 1168 nil
449 1129 637 1168 miserius.
709 1131 811 1168 Nam
843 1130 927 1167 ὁδοῦ
955 1131 1139 1181 πάρεργον
1169 1129 1260 1166 volo
1289 1135 1326 1165 te
1356 1128 1431 1165 hoc
1462 1125 1569 1163 scire.

243 1195 390 1234 Omnia
427 1195 492 1233 illa
529 1195 654 1245 prima
693 1209 794 1244 quae
829 1195 946 1233 etiam
985 1201 1026 1232 tu
1066 1193 1140 1232 tuis
1180 1192 1315 1231 litteris
1347 1192 1385 1229 in
1419 1193 1571 1229 caelum

243 1262 393 1299 ferebas
433 1263 607 1310 ἐπίτηκτα
646 1262 812 1298 fuerunt.
887 1262 1018 1309 Quam
1058 1272 1138 1296 non
1178 1265 1235 1296 est
1269 1256 1392 1295 facilis
1424 1255 1618 1294 virtuslfi

243 1339 361 1375 quam
392 1340 484 1364 vero
518 1325 686 1365 difficilis
718 1325 800 1364 eius
833 1325 1018 1364 diuturna
1049 1323 1273 1361 simulatio!
1331 1323 1433 1361 Cum
1466 1320 1570 1359 enim

244 1392 319 1429 hoc
350 1400 499 1429 rectum
531 1399 567 1429 et
597 1390 809 1441 gloriosum
841 1398 1030 1440 putarem,
1065 1403 1111 1427 ex
1143 1402 1275 1426 annuo
1310 1394 1469 1436 sumptu
1505 1385 1571 1435 qui

244 1456 339 1494 mihi
379 1458 558 1495 decretus
599 1464 700 1495 esset
743 1470 806 1494 me
846 1457 889 1494 C.
933 1455 1072 1494 Coelio
1111 1452 1308 1503 quaestori
1354 1451 1572 1500 relinquere

243 1535 430 1569 annuum,
455 1523 594 1560 referre
616 1521 654 1559 in
682 1521 871 1559 aerarium
903 1522 953 1559 ad
977 1522 1046 1557 HS
1068 1523 1194 1566 †CI3†‚
1218 1516 1409 1567 ingemuit
1442 1523 1574 1553 nostra

243 1588 384 1625 cohors
417 1600 536 1624 omne
571 1586 668 1624 illud
700 1593 843 1636 putans
879 1583 1060 1624 distribui
1093 1583 1167 1621 sibi
1199 1590 1390 1632 oportere,
1425 1588 1466 1618 ut
1499 1593 1572 1629 ego

242 1651 404 1689 amicior
424 1651 617 1690 invenirer
640 1652 835 1700 Phrygum
858 1657 895 1688 et
918 1649 1086 1689 Cilicum
1107 1647 1262 1686 aerariis
1284 1659 1402 1696 quam
1425 1653 1569 1684 nostro.

244 1717 321 1754 Sed
355 1730 416 1754 me
439 1730 518 1753 non
559 1723 791 1762 moverunt3
822 1728 912 1752 narn
945 1722 982 1752 et
1015 1726 1103 1751 mea
1134 1714 1217 1750 laus
1252 1712 1360 1761 apud
1395 1724 1458 1749 me
1492 1711 1573 1759 plu—

244 1780 384 1818 rimum
408 1781 526 1818 valuit
549 1794 621 1818 nec
643 1788 773 1817 tamen
796 1778 1008 1828 quicquam
1034 1776 1249 1815 honorifice
1272 1775 1309 1813 in
1332 1788 1572 1825 quemquam

244 1845 324 1882 fieri
355 1845 481 1894 potuit
511 1846 618 1894 quod
649 1842 986 1893 praetermiserim.
1046 1843 1123 1880 Sed
1158 1842 1255 1879 haec
1287 1840 1411 1886 fuerit,
1447 1847 1486 1877 ut
1521 1838 1574 1876 ait

244 1909 510 1958 Thucydides,
535 1909 678 1957 ἐκβολὴ
699 1909 814 1959 λόγου
835 1921 915 1945 non
937 1906 1095 1944 inutilis.

299 1975 360 2011 Tu
382 1982 513 2012 autem
536 1975 585 2012 de
607 1981 740 2011 nostro
763 1980 863 2010 statu
892 1971 1083 2021 cogitabis
1108 1970 1278 2021 primum
1300 1982 1380 2018 quo
1407 1968 1571 2006 artificio
1593 1978 1615 2016 7

245 2046 423 2076 tueamur
451 2037 767 2076 benevolentiam
790 2036 978 2082 Caesaris,
1003 2035 1148 2074 deinde
1175 2037 1225 2073 de
1252 2034 1338 2084 ipso
1359 2033 1570 2082 triumpho,

244 2116 361 2152 quem
379 2103 505 2150 video,
523 2103 595 2141 nisi
617 2103 670 2141 rei
691 2101 873 2152 publicae
894 2110 1071 2151 tempora
1088 2100 1316 2150 impedient,
1342 2100 1570 2149 εὐπόριστον.

246 2168 387 2206 Iudico
416 2177 547 2206 autem
580 2182 668 2206 cum
701 2181 747 2205 ex
778 2166 913 2205 litteris
943 2166 1159 2204 amicorum
1191 2173 1275 2203 tum
1303 2178 1349 2202 ex
1381 2164 1573 2214 supplica-

244 2232 361 2271 tione.
422 2234 553 2280 Quam
575 2232 641 2282 qui
663 2246 741 2269 non
764 2231 946 2275 decrevit,
970 2232 1057 2280 plus
1072 2229 1243 2268 decrevit
1261 2242 1377 2278 quam
1397 2229 1426 2266 si
1444 2229 1574 2267 omnis

287 2337 307 2365 8
331 2336 455 2366 stultus
480 2336 539 2366 M:
588 2335 757 2374 Sulpicius
785 2334 987 2364 Gronovius:
1035 2333 1148 2364 Hillus
1176 2332 1295 2363 Orellzz
1339 2332 1422 2362 alius
1446 2332 1577 2361 Ernesti

249 2389 285 2417 15
310 2385 345 2410 tu
363 2381 428 2410 tuis
452 2380 674 2409 Bentsvolz‘us:
700 2380 765 2409 tuis
790 2378 876 2409 codd.
898 2390 904 2409 ε
933 2382 966 2408 tu
992 2376 1112 2408 Lamb.
1279 2386 1321 2406 20
1347 2375 1388 2417 ΙΞΙ
1418 2374 1573 2406 Graevius

244 2432 281 2461 31
309 2423 384 2462 plus
401 2423 551 2453 decrevit
576 2433 638 2452 om.
661 2420 715 2452 Ml
