1732 2661
107 909 144 930 10

103 1559 141 1580 20

555 198 666 235 EPP.
700 198 777 234 AD
808 196 1067 234 ATTICVM
1474 194 1503 232 I.
1523 204 1584 230 xx

168 316 276 347 neret
314 316 351 346 et
390 307 530 358 raptim
569 307 609 345 in
648 320 735 345 eam
775 306 1010 345 sententiam
1051 305 1199 356 pedarii
1234 312 1497 343 cucurrerunt.

169 372 393 411 Inducendi
427 380 585 411 senatus
620 372 789 410 consulti
830 371 1030 409 maturitas
1069 372 1250 408 nondum
1285 378 1357 417 est,
1391 371 1499 419 quod

167 452 296 488 neque
331 445 420 476 sunt
455 437 522 487 qui
556 444 768 487 querantur
802 444 841 475 et
880 435 992 474 multi
1031 435 1171 486 partim
1211 434 1497 480 malevolentia,

166 503 306 554 partim
337 503 524 553 opinione
554 502 762 552 aequitatis
792 503 1046 540 delectantur.
1109 502 1295 539 Metellus
1325 508 1414 537 tuus
1442 508 1499 537 est
1520 509 1543 546 5

166 568 340 617 egregius
376 569 538 615 consul,
582 581 705 605 unum
741 567 988 616 reprehendo
1026 566 1137 616 quod
1170 564 1294 604 otium
1330 564 1499 602 nuntiari

165 647 183 671 e
217 633 344 671 Gallia
377 646 457 671 non
490 646 634 682 magno
668 645 787 681 opere
817 632 972 681 gaudet.
1034 630 1168 680 Cupit,
1202 631 1335 677 credo,
1369 629 1499 667 trium-

165 699 295 747 phare.
348 699 440 736 Hoc
461 698 602 735 vellem
625 696 889 744 mediocriusg
918 704 1046 734 cetera
1066 695 1228 745 egregia.
1284 694 1376 732 Auli
1397 695 1499 732 filius

165 776 256 800 vero
284 762 336 800 ita
362 777 403 801 se
427 762 524 812 gerit
550 770 593 800 ut
619 762 702 801 eius
729 763 957 800 consulatus
985 775 1065 799 non
1093 762 1320 799 consulatus
1350 760 1398 798 sit
1428 761 1497 798 sed

167 827 303 876 Magni
324 827 445 865 nostri
465 829 643 866 ὑπώπιον.

220 895 281 931 De
302 893 398 931 meis
419 894 572 944 scriptis
593 893 680 931 misi
701 895 751 932 ad
773 901 811 931 te
833 894 982 931 Graece
1003 893 1219 942 perfectum
1247 893 1495 930 consulatum
1518 893 1545 930 6

164 972 306 996 meum.
369 960 471 996 Eum
505 959 647 997 librum
684 961 726 996 L.
763 958 947 997 Cossinio
979 957 1082 996 dedi.
1144 959 1245 995 Puto
1279 965 1317 995 te
1348 957 1498 995 Latinis

163 1023 259 1061 meis
282 1024 478 1070 delectari,
503 1024 595 1062 huic
616 1031 748 1062 autem
773 1025 926 1061 Graeco
953 1024 1148 1061 Graecum
1174 1022 1358 1061 invidere.
1419 1022 1497 1059 Alii

162 1088 194 1125 si
215 1088 449 1138 scripserint,
475 1089 676 1127 mittemus
704 1090 754 1126 ad
784 1096 846 1135 te,
876 1089 945 1126 sed
974 1087 1069 1125 mihi
1094 1089 1223 1135 crede,
1244 1087 1359 1126 simul
1380 1095 1499 1137 atque

162 1155 238 1192 hoc
260 1162 437 1192 nostrum
470 1156 656 1204 legerunt,
682 1153 816 1192 nescio
837 1167 916 1203 quo
938 1161 1054 1203 pacto
1075 1154 1327 1191 retardantur.
1381 1154 1498 1190 Nunc
1518 1157 1540 1196 7

125 1227 203 1264 sut
234 1221 284 1258 ad
320 1233 401 1257 rem
436 1233 565 1258 meam
602 1221 771 1266 redeam,
807 1220 849 1256 L.
886 1218 1062 1268 Papirius
1095 1220 1251 1261 Paetus,
1282 1218 1338 1255 vir
1369 1218 1498 1256 bonus

161 1293 392 1335 amatorque
423 1294 564 1331 noster,
593 1285 689 1323 mihi
718 1285 838 1323 libros
868 1298 936 1322 eos
966 1298 1066 1334 quos
1096 1285 1174 1322 Ser.
1199 1283 1389 1322 Claudius
1417 1283 1499 1321 reli-

162 1349 245 1398 quit
273 1350 444 1388 donavit.
507 1353 609 1390 Cum
638 1350 734 1388 mihi
764 1363 833 1400 per
857 1351 982 1399 legem
1009 1349 1189 1388 Cinciam
1214 1348 1329 1386 licere
1359 1362 1498 1398 capere

162 1414 323 1453 Cincius
344 1416 495 1454 amicus
518 1424 607 1455 tuus
630 1416 787 1461 diceret,
812 1415 980 1453 libenter
1007 1414 1086 1453 dixi
1108 1428 1170 1452 me
1190 1421 1444 1463 accepturum
1466 1413 1496 1451 si

160 1480 362 1519 attulisset.
425 1483 543 1519 Nunc
570 1482 600 1519 si
629 1495 692 1519 me
713 1494 832 1527 amas,
857 1480 887 1518 si
910 1487 947 1518 te
967 1493 989 1517 a
1010 1493 1073 1517 me
1093 1478 1215 1517 amari
1241 1478 1327 1525 scis,
1350 1477 1497 1516 enitere

161 1559 229 1595 per
260 1547 420 1593 amicos,
458 1547 622 1593 clientis,
662 1546 852 1596 hospites,
886 1546 1046 1584 libertos
1081 1544 1254 1594 denique
1284 1557 1330 1582 ac
1364 1557 1497 1582 servos

161 1618 248 1649 tuos
279 1620 321 1649 ut
352 1612 460 1651 scida
491 1627 540 1651 ne
566 1626 643 1662 qua
679 1614 888 1662 depereat;
920 1625 1010 1649 nam
1044 1618 1081 1648 et
1112 1609 1273 1649 Graecis
1313 1609 1357 1647 iis
1389 1608 1497 1647 libris

159 1690 259 1726 quos
290 1678 479 1728 suspicor,
513 1686 551 1716 et
584 1677 734 1716 Latinis
768 1690 868 1727 quos
904 1676 985 1715 scio
1016 1676 1125 1713 illurn
1156 1674 1371 1725 reliquisse,
1399 1674 1494 1712 mihi

160 1743 413 1781 vehementer
435 1757 534 1793 opus
556 1751 624 1782 est.
688 1745 774 1793 Ego
801 1751 933 1780 autem
957 1741 1103 1780 cotidie
1124 1740 1246 1791 magis
1268 1741 1375 1790 quod
1398 1739 1494 1777 mihi

159 1808 209 1845 de
235 1808 378 1846 forensi
405 1810 538 1847 labore
564 1808 751 1858 temporis
778 1809 892 1846 datur
924 1807 962 1844 in
996 1807 1040 1844 iis
1071 1806 1209 1844 studiis
1239 1805 1491 1855 conquiesco.

121 1886 134 1916 ,-
161 1873 233 1909 Per
254 1873 361 1919 mihi,
385 1887 452 1922 per
473 1873 634 1923 inquam
656 1881 807 1923 gratum
831 1872 966 1911 feceris
994 1872 1023 1910 si
1052 1872 1091 1909 in
1118 1873 1194 1909 hoc
1220 1879 1299 1909 tam
1326 1870 1492 1919 diligens

159 1938 274 1976 fueris
292 1952 410 1988 quam
432 1940 534 1977 soles
556 1938 595 1975 in
617 1938 662 1975 iis
684 1938 799 1976 rebus
821 1951 917 1987 quas
946 1951 1009 1975 me
1030 1938 1143 1975 valde
1164 1937 1262 1974 velle
1282 1935 1488 1980 arbitraris,

159 2002 360 2053 ipsiusque
384 2004 492 2042 Paeti
520 2003 591 2041 tibi
619 2003 777 2052 negotia
802 2004 1053 2048 commendo,
1081 2003 1131 2040 de
1156 2001 1299 2051 quibus
1327 2000 1397 2038 tibi
1428 2000 1491 2037 ille

157 2068 235 2117 agit
257 2068 444 2106 maximas
465 2068 616 2118 gratias,
640 2076 678 2106 et
705 2075 746 2106 ut
773 2067 849 2105 iam
877 2067 1019 2105 invisas
1047 2080 1118 2105 nos
1145 2080 1225 2104 non
1247 2067 1374 2104 solum
1397 2078 1490 2114 rogo

158 2135 227 2171 sed
248 2133 364 2171 etiam
386 2135 545 2172 suadeo.

200 2238 221 2266 6
245 2248 263 2267 e
287 2237 360 2268 add.
388 2238 487 2268 Rom.
639 2247 677 2268 10
702 2236 906 2277 perfectum]
931 2237 1159 2277 perscriptum
1186 2235 1302 2267 Lamb.
1447 2245 1488 2274 24

158 2281 271 2311 labore
289 2280 339 2311 E:
359 2291 426 2311 om.
449 2281 491 2311 M
