<?xml version="1.0" encoding="UTF-8"?>
<!DOCTYPE html PUBLIC "-//W3C//DTD XHTML 1.0 Transitional//EN"
    "http://www.w3.org/TR/xhtml1/DTD/xhtml1-transitional.dtd">
<html xmlns="http://www.w3.org/1999/xhtml" xml:lang="en" lang="en">
 <head>
  <title>
</title>
<meta http-equiv="Content-Type" content="text/html;charset=utf-8" />
  <meta name='ocr-system' content='tesseract 3.04.00' />
  <meta name='ocr-capabilities' content='ocr_page ocr_carea ocr_par ocr_line ocrx_word'/>
</head>
<body>
  <div class='ocr_page' id='page_1' title='image "./p1epistulaerecog02ciceuoft_0283.png"; bbox 0 0 1773 2651; ppageno 0'>
   <div class='ocr_carea' id='block_1_1' title="bbox 672 181 1646 221">
    <p class='ocr_par' dir='ltr' id='par_1_1' title="bbox 672 181 1646 221">
     <span class='ocr_line' id='line_1_1' title="bbox 672 181 1646 221; baseline -0.004 0"><span class='ocrx_word' id='word_1_1' title='bbox 672 185 783 221; x_wconf 89' lang='lat' dir='ltr'><strong>EPP.</strong></span> <span class='ocrx_word' id='word_1_2' title='bbox 816 185 893 220; x_wconf 84' lang='lat' dir='ltr'>AD</span> <span class='ocrx_word' id='word_1_3' title='bbox 924 183 1183 221; x_wconf 68' lang='lat' dir='ltr'><strong>ATTICVM</strong></span> <span class='ocrx_word' id='word_1_4' title='bbox 1414 183 1531 218; x_wconf 69' lang='lat' dir='ltr'>VIII.</span> <span class='ocrx_word' id='word_1_5' title='bbox 1557 181 1601 216; x_wconf 82' lang='lat' dir='ltr'>xi</span> <span class='ocrx_word' id='word_1_6' title='bbox 1620 192 1646 217; x_wconf 88' lang='lat' dir='ltr'>D</span> 
     </span>
    </p>
   </div>
   <div class='ocr_carea' id='block_1_2' title="bbox 157 292 1597 2401">
    <p class='ocr_par' dir='ltr' id='par_1_2' title="bbox 215 292 1549 410">
     <span class='ocr_line' id='line_1_2' title="bbox 216 292 1549 345; baseline -0.003 -13"><span class='ocrx_word' id='word_1_7' title='bbox 216 295 399 345; x_wconf 83' lang='lat' dir='ltr'>processi,</span> <span class='ocrx_word' id='word_1_8' title='bbox 423 303 463 333; x_wconf 88' lang='lat' dir='ltr'>ut</span> <span class='ocrx_word' id='word_1_9' title='bbox 485 295 537 333; x_wconf 75' lang='lat' dir='ltr'>ibi</span> <span class='ocrx_word' id='word_1_10' title='bbox 567 294 814 345; x_wconf 84' lang='lat' dir='ltr'>potissimum</span> <span class='ocrx_word' id='word_1_11' title='bbox 845 294 1110 340; x_wconf 67' lang='lat' dir='ltr'>consisterem,</span> <span class='ocrx_word' id='word_1_12' title='bbox 1134 295 1228 331; x_wconf 82' lang='lat' dir='ltr'>(lum</span> <span class='ocrx_word' id='word_1_13' title='bbox 1258 300 1406 331; x_wconf 78' lang='lat' dir='ltr'>certum</span> <span class='ocrx_word' id='word_1_14' title='bbox 1435 292 1549 330; x_wconf 75' lang='lat' dir='ltr'>nobis</span> 
     </span>
     <span class='ocr_line' id='line_1_3' title="bbox 215 360 1198 410; baseline -0.002 -12"><span class='ocrx_word' id='word_1_15' title='bbox 215 361 265 398; x_wconf 86' lang='lat' dir='ltr'>ab</span> <span class='ocrx_word' id='word_1_16' title='bbox 287 360 475 399; x_wconf 82' lang='lat' dir='ltr'>Aesernia</span> <span class='ocrx_word' id='word_1_17' title='bbox 495 362 544 399; x_wconf 83' lang='lat' dir='ltr'>dc</span> <span class='ocrx_word' id='word_1_18' title='bbox 566 374 613 399; x_wconf 89' lang='lat' dir='ltr'>eo</span> <span class='ocrx_word' id='word_1_19' title='bbox 635 362 743 410; x_wconf 84' lang='lat' dir='ltr'>quod</span> <span class='ocrx_word' id='word_1_20' title='bbox 764 360 963 398; x_wconf 72' lang='lat' dir='ltr'>audieram</span> <span class='ocrx_word' id='word_1_21' title='bbox 986 361 1198 398; x_wconf 72' lang='lat' dir='ltr'><strong>referretur.</strong></span> 
     </span>
    </p>

    <p class='ocr_par' dir='ltr' id='par_1_3' title="bbox 217 424 1593 541">
     <span class='ocr_line' id='line_1_4' title="bbox 270 424 1593 473; baseline -0.003 -10"><span class='ocrx_word' id='word_1_22' title='bbox 270 428 323 463; x_wconf 81' lang='lat' dir='ltr'>At</span> <span class='ocrx_word' id='word_1_23' title='bbox 349 426 454 473; x_wconf 81' lang='lat' dir='ltr'>mihi,</span> <span class='ocrx_word' id='word_1_24' title='bbox 478 440 567 464; x_wconf 86' lang='lat' dir='ltr'>cum</span> <span class='ocrx_word' id='word_1_25' title='bbox 597 426 758 465; x_wconf 85' lang='lat' dir='ltr'>Calibus</span> <span class='ocrx_word' id='word_1_26' title='bbox 789 439 926 472; x_wconf 85' lang='lat' dir='ltr'>essem,</span> <span class='ocrx_word' id='word_1_27' title='bbox 949 427 1121 463; x_wconf 73' lang='lat' dir='ltr'><strong>adfertur</strong></span> <span class='ocrx_word' id='word_1_28' title='bbox 1151 424 1364 462; x_wconf 88' lang='lat' dir='ltr'>litterarum</span> <span class='ocrx_word' id='word_1_29' title='bbox 1395 431 1547 461; x_wconf 89' lang='lat' dir='ltr'>tuarum</span> <span class='ocrx_word' id='word_1_30' title='bbox 1570 433 1593 470; x_wconf 88' lang='lat'><strong>3</strong></span> 
     </span>
     <span class='ocr_line' id='line_1_5' title="bbox 217 489 1550 541; baseline -0.002 -13"><span class='ocrx_word' id='word_1_31' title='bbox 217 493 440 541; x_wconf 78' lang='lat' dir='ltr'>exemplum</span> <span class='ocrx_word' id='word_1_32' title='bbox 468 505 564 540; x_wconf 86' lang='lat' dir='ltr'>quas</span> <span class='ocrx_word' id='word_1_33' title='bbox 592 499 633 528; x_wconf 84' lang='lat' dir='ltr'>tu</span> <span class='ocrx_word' id='word_1_34' title='bbox 663 492 713 528; x_wconf 86' lang='lat' dir='ltr'>ad</span> <span class='ocrx_word' id='word_1_35' title='bbox 742 492 954 528; x_wconf 90' lang='lat' dir='ltr'>Lentulum</span> <span class='ocrx_word' id='word_1_36' title='bbox 982 491 1186 528; x_wconf 89' lang='lat' dir='ltr'>consulem</span> <span class='ocrx_word' id='word_1_37' title='bbox 1217 489 1398 527; x_wconf 73' lang='lat' dir='ltr'>misisses.</span> <span class='ocrx_word' id='word_1_38' title='bbox 1460 490 1550 525; x_wconf 90' lang='lat' dir='ltr'>Hae</span> 
     </span>
    </p>

    <p class='ocr_par' dir='ltr' id='par_1_4' title="bbox 177 554 1552 865">
     <span class='ocr_line' id='line_1_6' title="bbox 177 554 1548 606; baseline -0.004 -12"><span class='ocrx_word' id='word_1_39' title='bbox 177 571 195 603; x_wconf 83' lang='lat'>5</span> <span class='ocrx_word' id='word_1_40' title='bbox 217 556 382 606; x_wconf 89' lang='lat' dir='ltr'>scriptae</span> <span class='ocrx_word' id='word_1_41' title='bbox 412 555 466 594; x_wconf 85' lang='lat' dir='ltr'>sic</span> <span class='ocrx_word' id='word_1_42' title='bbox 496 563 615 601; x_wconf 77' lang='lat' dir='ltr'>erant,</span> <span class='ocrx_word' id='word_1_43' title='bbox 639 555 784 593; x_wconf 75' lang='lat' dir='ltr'>litteras</span> <span class='ocrx_word' id='word_1_44' title='bbox 811 554 881 593; x_wconf 85' lang='lat' dir='ltr'>tibi</span> <span class='ocrx_word' id='word_1_45' title='bbox 906 569 929 593; x_wconf 88' lang='lat' dir='ltr'>a</span> <span class='ocrx_word' id='word_1_46' title='bbox 954 557 995 592; x_wconf 93' lang='lat' dir='ltr'>L.</span> <span class='ocrx_word' id='word_1_47' title='bbox 1022 554 1199 593; x_wconf 90' lang='lat' dir='ltr'>Domitio</span> <span class='ocrx_word' id='word_1_48' title='bbox 1228 568 1260 592; x_wconf 88' lang='lat' dir='ltr'>a.</span> <span class='ocrx_word' id='word_1_49' title='bbox 1291 555 1327 592; x_wconf 92' lang='lat' dir='ltr'>d.</span> <span class='ocrx_word' id='word_1_50' title='bbox 1352 565 1428 591; x_wconf 80' lang='lat' dir='ltr'>xiil</span> <span class='ocrx_word' id='word_1_51' title='bbox 1461 554 1548 589; x_wconf 83' lang='lat' dir='ltr'>Kal.</span> 
     </span>
     <span class='ocr_line' id='line_1_7' title="bbox 219 618 1551 671; baseline -0.003 -13"><span class='ocrx_word' id='word_1_52' title='bbox 219 621 380 659; x_wconf 82' lang='lat' dir='ltr'>Martias</span> <span class='ocrx_word' id='word_1_53' title='bbox 410 622 559 659; x_wconf 86' lang='lat' dir='ltr'>adlatas</span> <span class='ocrx_word' id='word_1_54' title='bbox 591 634 675 659; x_wconf 90' lang='lat' dir='ltr'>esse</span> <span class='ocrx_word' id='word_1_55' title='bbox 706 622 937 671; x_wconf 85' lang='lat' dir='ltr'>(earumque</span> <span class='ocrx_word' id='word_1_56' title='bbox 967 622 1191 669; x_wconf 78' lang='lat' dir='ltr'>exemplum</span> <span class='ocrx_word' id='word_1_57' title='bbox 1222 618 1551 668; x_wconf 85' lang='lat' dir='ltr'>subscripseras);</span> 
     </span>
     <span class='ocr_line' id='line_1_8' title="bbox 217 682 1550 736; baseline -0.003 -13"><span class='ocrx_word' id='word_1_58' title='bbox 217 686 428 736; x_wconf 76' lang='lat' dir='ltr'>magnique</span> <span class='ocrx_word' id='word_1_59' title='bbox 467 686 654 724; x_wconf 75' lang='lat' dir='ltr'>interesse</span> <span class='ocrx_word' id='word_1_60' title='bbox 694 686 746 724; x_wconf 92' lang='lat' dir='ltr'>rei</span> <span class='ocrx_word' id='word_1_61' title='bbox 780 685 962 736; x_wconf 84' lang='lat' dir='ltr'>publicae</span> <span class='ocrx_word' id='word_1_62' title='bbox 1001 685 1209 734; x_wconf 76' lang='lat' dir='ltr'>scripseras</span> <span class='ocrx_word' id='word_1_63' title='bbox 1249 683 1377 721; x_wconf 92' lang='lat' dir='ltr'>omnis</span> <span class='ocrx_word' id='word_1_64' title='bbox 1417 682 1550 732; x_wconf 88' lang='lat' dir='ltr'>copias</span> 
     </span>
     <span class='ocr_line' id='line_1_9' title="bbox 216 749 1551 801; baseline -0.002 -13"><span class='ocrx_word' id='word_1_65' title='bbox 216 751 342 800; x_wconf 88' lang='lat' dir='ltr'>primo</span> <span class='ocrx_word' id='word_1_66' title='bbox 381 765 540 800; x_wconf 87' lang='lat' dir='ltr'>quoque</span> <span class='ocrx_word' id='word_1_67' title='bbox 573 759 749 801; x_wconf 89' lang='lat' dir='ltr'>tempore</span> <span class='ocrx_word' id='word_1_68' title='bbox 788 751 827 788; x_wconf 89' lang='lat' dir='ltr'>in</span> <span class='ocrx_word' id='word_1_69' title='bbox 867 764 989 788; x_wconf 91' lang='lat' dir='ltr'>unum</span> <span class='ocrx_word' id='word_1_70' title='bbox 1025 752 1157 788; x_wconf 88' lang='lat' dir='ltr'>locum</span> <span class='ocrx_word' id='word_1_71' title='bbox 1192 749 1401 788; x_wconf 81' lang='lat' dir='ltr'>convenire</span> <span class='ocrx_word' id='word_1_72' title='bbox 1433 756 1469 786; x_wconf 89' lang='lat' dir='ltr'>et</span> <span class='ocrx_word' id='word_1_73' title='bbox 1510 756 1551 785; x_wconf 90' lang='lat' dir='ltr'>ut</span> 
     </span>
     <span class='ocr_line' id='line_1_10' title="bbox 216 814 1552 865; baseline -0.001 -13"><span class='ocrx_word' id='word_1_74' title='bbox 216 816 411 865; x_wconf 90' lang='lat' dir='ltr'>praesidio</span> <span class='ocrx_word' id='word_1_75' title='bbox 443 817 550 865; x_wconf 89' lang='lat' dir='ltr'>quod</span> <span class='ocrx_word' id='word_1_76' title='bbox 590 816 681 854; x_wconf 89' lang='lat' dir='ltr'>satis</span> <span class='ocrx_word' id='word_1_77' title='bbox 720 824 822 854; x_wconf 86' lang='lat' dir='ltr'>esset</span> <span class='ocrx_word' id='word_1_78' title='bbox 856 817 1017 865; x_wconf 77' lang='lat' dir='ltr'>Capuae</span> <span class='ocrx_word' id='word_1_79' title='bbox 1056 815 1302 865; x_wconf 87' lang='lat' dir='ltr'>relinqueret.</span> <span class='ocrx_word' id='word_1_80' title='bbox 1364 814 1439 851; x_wconf 88' lang='lat' dir='ltr'>His</span> <span class='ocrx_word' id='word_1_81' title='bbox 1480 828 1552 863; x_wconf 78' lang='lat' dir='ltr'>ego</span> 
     </span>
    </p>

    <p class='ocr_par' dir='ltr' id='par_1_5' title="bbox 159 879 1552 1115">
     <span class='ocr_line' id='line_1_11' title="bbox 159 879 1549 931; baseline -0.002 -12"><span class='ocrx_word' id='word_1_82' title='bbox 159 899 196 920; x_wconf 91' lang='lat'>10</span> <span class='ocrx_word' id='word_1_83' title='bbox 217 881 352 919; x_wconf 85' lang='lat' dir='ltr'>litteris</span> <span class='ocrx_word' id='word_1_84' title='bbox 391 881 500 919; x_wconf 87' lang='lat' dir='ltr'>lectis</span> <span class='ocrx_word' id='word_1_85' title='bbox 540 881 578 918; x_wconf 91' lang='lat' dir='ltr'>in</span> <span class='ocrx_word' id='word_1_86' title='bbox 619 883 758 919; x_wconf 86' lang='lat' dir='ltr'>eadem</span> <span class='ocrx_word' id='word_1_87' title='bbox 798 881 985 931; x_wconf 84' lang='lat' dir='ltr'>opinione</span> <span class='ocrx_word' id='word_1_88' title='bbox 1025 880 1079 918; x_wconf 89' lang='lat' dir='ltr'>fui</span> <span class='ocrx_word' id='word_1_89' title='bbox 1119 894 1196 930; x_wconf 86' lang='lat' dir='ltr'>qua</span> <span class='ocrx_word' id='word_1_90' title='bbox 1228 879 1366 929; x_wconf 81' lang='lat' dir='ltr'>reliqui</span> <span class='ocrx_word' id='word_1_91' title='bbox 1401 892 1549 925; x_wconf 89' lang='lat' dir='ltr'>omnes,</span> 
     </span>
     <span class='ocr_line' id='line_1_12' title="bbox 216 945 1551 996; baseline -0.002 -12"><span class='ocrx_word' id='word_1_92' title='bbox 216 954 254 984; x_wconf 89' lang='lat' dir='ltr'>te</span> <span class='ocrx_word' id='word_1_93' title='bbox 284 960 374 984; x_wconf 87' lang='lat' dir='ltr'>cum</span> <span class='ocrx_word' id='word_1_94' title='bbox 406 947 591 984; x_wconf 85' lang='lat' dir='ltr'>omnibus</span> <span class='ocrx_word' id='word_1_95' title='bbox 615 946 738 996; x_wconf 84' lang='lat' dir='ltr'>copiis</span> <span class='ocrx_word' id='word_1_96' title='bbox 768 947 819 984; x_wconf 87' lang='lat' dir='ltr'>ad</span> <span class='ocrx_word' id='word_1_97' title='bbox 847 945 1066 985; x_wconf 86' lang='lat' dir='ltr'>Corfinium</span> <span class='ocrx_word' id='word_1_98' title='bbox 1095 959 1179 984; x_wconf 89' lang='lat' dir='ltr'>esse</span> <span class='ocrx_word' id='word_1_99' title='bbox 1209 953 1442 991; x_wconf 68' lang='lat' dir='ltr'>Venturumj</span> <span class='ocrx_word' id='word_1_100' title='bbox 1471 957 1551 993; x_wconf 92' lang='lat' dir='ltr'>quo</span> 
     </span>
     <span class='ocr_line' id='line_1_13' title="bbox 217 1010 1552 1061; baseline -0.001 -13"><span class='ocrx_word' id='word_1_101' title='bbox 217 1011 323 1057; x_wconf 85' lang='lat' dir='ltr'>mihi,</span> <span class='ocrx_word' id='word_1_102' title='bbox 357 1025 447 1049; x_wconf 90' lang='lat' dir='ltr'>cum</span> <span class='ocrx_word' id='word_1_103' title='bbox 478 1013 623 1050; x_wconf 87' lang='lat' dir='ltr'>Caesar</span> <span class='ocrx_word' id='word_1_104' title='bbox 652 1013 702 1050; x_wconf 90' lang='lat' dir='ltr'>ad</span> <span class='ocrx_word' id='word_1_105' title='bbox 732 1011 923 1061; x_wconf 85' lang='lat' dir='ltr'>oppidum</span> <span class='ocrx_word' id='word_1_106' title='bbox 955 1019 1079 1049; x_wconf 83' lang='lat' dir='ltr'>castra</span> <span class='ocrx_word' id='word_1_107' title='bbox 1114 1011 1285 1057; x_wconf 84' lang='lat' dir='ltr'>haberet,</span> <span class='ocrx_word' id='word_1_108' title='bbox 1319 1018 1446 1048; x_wconf 90' lang='lat' dir='ltr'>tutum</span> <span class='ocrx_word' id='word_1_109' title='bbox 1482 1010 1552 1048; x_wconf 90' lang='lat' dir='ltr'>iter</span> 
     </span>
     <span class='ocr_line' id='line_1_14' title="bbox 216 1077 646 1115; baseline 0.002 -2"><span class='ocrx_word' id='word_1_110' title='bbox 216 1090 301 1114; x_wconf 89' lang='lat' dir='ltr'>esse</span> <span class='ocrx_word' id='word_1_111' title='bbox 322 1090 402 1114; x_wconf 92' lang='lat' dir='ltr'>non</span> <span class='ocrx_word' id='word_1_112' title='bbox 422 1077 646 1115; x_wconf 82' lang='lat' dir='ltr'>arbitrabar.</span> 
     </span>
    </p>

    <p class='ocr_par' dir='ltr' id='par_1_6' title="bbox 271 1141 1551 1192">
     <span class='ocr_line' id='line_1_15' title="bbox 271 1141 1551 1192; baseline -0.002 -13"><span class='ocrx_word' id='word_1_113' title='bbox 271 1143 373 1180; x_wconf 89' lang='lat' dir='ltr'>Cum</span> <span class='ocrx_word' id='word_1_114' title='bbox 406 1156 464 1180; x_wconf 88' lang='lat' dir='ltr'>res</span> <span class='ocrx_word' id='word_1_115' title='bbox 492 1142 530 1179; x_wconf 92' lang='lat' dir='ltr'>in</span> <span class='ocrx_word' id='word_1_116' title='bbox 561 1156 715 1180; x_wconf 87' lang='lat' dir='ltr'>summa</span> <span class='ocrx_word' id='word_1_117' title='bbox 745 1142 1036 1192; x_wconf 76' lang='lat' dir='ltr'>exspectatione</span> <span class='ocrx_word' id='word_1_118' title='bbox 1066 1149 1177 1187; x_wconf 82' lang='lat' dir='ltr'>esset,</span> <span class='ocrx_word' id='word_1_119' title='bbox 1202 1149 1412 1190; x_wconf 89' lang='lat' dir='ltr'>utrumque</span> <span class='ocrx_word' id='word_1_120' title='bbox 1437 1141 1551 1178; x_wconf 90' lang='lat' dir='ltr'>simul</span> 
     </span>
    </p>

    <p class='ocr_par' dir='ltr' id='par_1_7' title="bbox 159 1205 1552 1517">
     <span class='ocr_line' id='line_1_16' title="bbox 159 1205 1550 1257; baseline -0.001 -13"><span class='ocrx_word' id='word_1_121' title='bbox 159 1217 195 1249; x_wconf 85' lang='lat'>15</span> <span class='ocrx_word' id='word_1_122' title='bbox 216 1206 450 1253; x_wconf 87' lang='lat' dir='ltr'>audivimus⁷</span> <span class='ocrx_word' id='word_1_123' title='bbox 473 1215 509 1245; x_wconf 91' lang='lat' dir='ltr'>et</span> <span class='ocrx_word' id='word_1_124' title='bbox 532 1221 632 1257; x_wconf 84' lang='lat' dir='ltr'>quae</span> <span class='ocrx_word' id='word_1_125' title='bbox 654 1207 803 1246; x_wconf 88' lang='lat' dir='ltr'>Corfini</span> <span class='ocrx_word' id='word_1_126' title='bbox 823 1216 910 1245; x_wconf 84' lang='lat' dir='ltr'>acta</span> <span class='ocrx_word' id='word_1_127' title='bbox 930 1215 1060 1245; x_wconf 78' lang='lat' dir='ltr'>essent</span> <span class='ocrx_word' id='word_1_128' title='bbox 1081 1215 1118 1245; x_wconf 92' lang='lat' dir='ltr'>et</span> <span class='ocrx_word' id='word_1_129' title='bbox 1146 1215 1183 1244; x_wconf 86' lang='lat' dir='ltr'>te</span> <span class='ocrx_word' id='word_1_130' title='bbox 1204 1206 1275 1244; x_wconf 89' lang='lat' dir='ltr'>iter</span> <span class='ocrx_word' id='word_1_131' title='bbox 1297 1205 1550 1243; x_wconf 84' lang='lat' dir='ltr'>Brundisium</span> 
     </span>
     <span class='ocr_line' id='line_1_17' title="bbox 217 1271 1551 1322; baseline -0.001 -13"><span class='ocrx_word' id='word_1_132' title='bbox 217 1273 343 1310; x_wconf 85' lang='lat' dir='ltr'>facere</span> <span class='ocrx_word' id='word_1_133' title='bbox 373 1272 575 1322; x_wconf 81' lang='lat' dir='ltr'>coepisse3</span> <span class='ocrx_word' id='word_1_134' title='bbox 603 1286 774 1322; x_wconf 86' lang='lat' dir='ltr'>cumque</span> <span class='ocrx_word' id='word_1_135' title='bbox 799 1286 872 1311; x_wconf 90' lang='lat' dir='ltr'>nec</span> <span class='ocrx_word' id='word_1_136' title='bbox 903 1272 997 1310; x_wconf 87' lang='lat' dir='ltr'>mihi</span> <span class='ocrx_word' id='word_1_137' title='bbox 1028 1286 1100 1310; x_wconf 89' lang='lat' dir='ltr'>nec</span> <span class='ocrx_word' id='word_1_138' title='bbox 1130 1272 1234 1309; x_wconf 86' lang='lat' dir='ltr'>fratri</span> <span class='ocrx_word' id='word_1_139' title='bbox 1265 1285 1355 1310; x_wconf 88' lang='lat' dir='ltr'>meo</span> <span class='ocrx_word' id='word_1_140' title='bbox 1385 1271 1551 1309; x_wconf 83' lang='lat' dir='ltr'>dubium</span> 
     </span>
     <span class='ocr_line' id='line_1_18' title="bbox 217 1336 1552 1387; baseline -0.001 -12"><span class='ocrx_word' id='word_1_141' title='bbox 217 1346 318 1376; x_wconf 89' lang='lat' dir='ltr'>esset</span> <span class='ocrx_word' id='word_1_142' title='bbox 364 1338 458 1387; x_wconf 92' lang='lat' dir='ltr'>quin</span> <span class='ocrx_word' id='word_1_143' title='bbox 501 1338 753 1376; x_wconf 85' lang='lat' dir='ltr'>Brundisium</span> <span class='ocrx_word' id='word_1_144' title='bbox 799 1340 1140 1384; x_wconf 81' lang='lat' dir='ltr'>contenderemus,</span> <span class='ocrx_word' id='word_1_145' title='bbox 1181 1351 1203 1375; x_wconf 90' lang='lat' dir='ltr'>a</span> <span class='ocrx_word' id='word_1_146' title='bbox 1248 1337 1379 1374; x_wconf 90' lang='lat' dir='ltr'>multis</span> <span class='ocrx_word' id='word_1_147' title='bbox 1425 1336 1491 1386; x_wconf 91' lang='lat' dir='ltr'>qui</span> <span class='ocrx_word' id='word_1_148' title='bbox 1532 1350 1552 1374; x_wconf 90' lang='lat' dir='ltr'>e</span> 
     </span>
     <span class='ocr_line' id='line_1_19' title="bbox 217 1402 1552 1452; baseline -0.001 -13"><span class='ocrx_word' id='word_1_149' title='bbox 217 1402 379 1440; x_wconf 86' lang='lat' dir='ltr'>Samnio</span> <span class='ocrx_word' id='word_1_150' title='bbox 400 1402 623 1452; x_wconf 76' lang='lat' dir='ltr'>Apuliaque</span> <span class='ocrx_word' id='word_1_151' title='bbox 644 1403 855 1441; x_wconf 83' lang='lat' dir='ltr'>veniebant</span> <span class='ocrx_word' id='word_1_152' title='bbox 881 1402 1075 1441; x_wconf 76' lang='lat' dir='ltr'>admoniti</span> <span class='ocrx_word' id='word_1_153' title='bbox 1097 1416 1231 1440; x_wconf 91' lang='lat' dir='ltr'>sumus</span> <span class='ocrx_word' id='word_1_154' title='bbox 1257 1410 1297 1439; x_wconf 91' lang='lat' dir='ltr'>ut</span> <span class='ocrx_word' id='word_1_155' title='bbox 1327 1415 1552 1439; x_wconf 75' lang='lat' dir='ltr'>caveremus</span> 
     </span>
     <span class='ocr_line' id='line_1_20' title="bbox 217 1467 1552 1517; baseline -0.001 -13"><span class='ocrx_word' id='word_1_156' title='bbox 217 1480 266 1505; x_wconf 92' lang='lat' dir='ltr'>ne</span> <span class='ocrx_word' id='word_1_157' title='bbox 287 1467 554 1516; x_wconf 81' lang='lat' dir='ltr'>exciperemur</span> <span class='ocrx_word' id='word_1_158' title='bbox 577 1482 600 1506; x_wconf 89' lang='lat' dir='ltr'>a</span> <span class='ocrx_word' id='word_1_159' title='bbox 625 1469 802 1515; x_wconf 86' lang='lat' dir='ltr'>Caesare,</span> <span class='ocrx_word' id='word_1_160' title='bbox 827 1469 935 1517; x_wconf 90' lang='lat' dir='ltr'>quod</span> <span class='ocrx_word' id='word_1_161' title='bbox 960 1468 990 1505; x_wconf 90' lang='lat' dir='ltr'>is</span> <span class='ocrx_word' id='word_1_162' title='bbox 1018 1468 1058 1505; x_wconf 90' lang='lat' dir='ltr'>in</span> <span class='ocrx_word' id='word_1_163' title='bbox 1085 1469 1225 1506; x_wconf 85' lang='lat' dir='ltr'>eadem</span> <span class='ocrx_word' id='word_1_164' title='bbox 1251 1469 1338 1505; x_wconf 82' lang='lat' dir='ltr'>loca</span> <span class='ocrx_word' id='word_1_165' title='bbox 1358 1480 1459 1516; x_wconf 88' lang='lat' dir='ltr'>quae</span> <span class='ocrx_word' id='word_1_166' title='bbox 1481 1480 1552 1504; x_wconf 89' lang='lat' dir='ltr'>nos</span> 
     </span>
    </p>

    <p class='ocr_par' dir='ltr' id='par_1_8' title="bbox 159 1532 1553 1843">
     <span class='ocr_line' id='line_1_21' title="bbox 159 1532 1552 1583; baseline 0 -14"><span class='ocrx_word' id='word_1_167' title='bbox 159 1544 197 1565; x_wconf 91' lang='lat'>20</span> <span class='ocrx_word' id='word_1_168' title='bbox 217 1532 448 1581; x_wconf 88' lang='lat' dir='ltr'>petebamus</span> <span class='ocrx_word' id='word_1_169' title='bbox 469 1535 667 1582; x_wconf 85' lang='lat' dir='ltr'>profectus</span> <span class='ocrx_word' id='word_1_170' title='bbox 697 1533 860 1571; x_wconf 90' lang='lat' dir='ltr'>celerius</span> <span class='ocrx_word' id='word_1_171' title='bbox 888 1533 1005 1571; x_wconf 86' lang='lat' dir='ltr'>etiam</span> <span class='ocrx_word' id='word_1_172' title='bbox 1034 1546 1152 1583; x_wconf 88' lang='lat' dir='ltr'>quam</span> <span class='ocrx_word' id='word_1_173' title='bbox 1181 1546 1253 1570; x_wconf 88' lang='lat' dir='ltr'>nos</span> <span class='ocrx_word' id='word_1_174' title='bbox 1278 1545 1483 1582; x_wconf 84' lang='lat' dir='ltr'>possemus</span> <span class='ocrx_word' id='word_1_175' title='bbox 1505 1545 1552 1569; x_wconf 92' lang='lat' dir='ltr'>eo</span> 
     </span>
     <span class='ocr_line' id='line_1_22' title="bbox 216 1597 1553 1646; baseline 0.001 -12"><span class='ocrx_word' id='word_1_176' title='bbox 216 1610 296 1646; x_wconf 85' lang='lat' dir='ltr'>quo</span> <span class='ocrx_word' id='word_1_177' title='bbox 326 1597 546 1636; x_wconf 88' lang='lat' dir='ltr'>intenderet</span> <span class='ocrx_word' id='word_1_178' title='bbox 576 1606 761 1636; x_wconf 86' lang='lat' dir='ltr'>venturus</span> <span class='ocrx_word' id='word_1_179' title='bbox 792 1606 903 1637; x_wconf 89' lang='lat' dir='ltr'>esset.</span> <span class='ocrx_word' id='word_1_180' title='bbox 964 1599 1085 1646; x_wconf 82' lang='lat' dir='ltr'>Quod</span> <span class='ocrx_word' id='word_1_181' title='bbox 1120 1611 1211 1635; x_wconf 90' lang='lat' dir='ltr'>cum</span> <span class='ocrx_word' id='word_1_182' title='bbox 1247 1597 1299 1635; x_wconf 86' lang='lat' dir='ltr'>ita</span> <span class='ocrx_word' id='word_1_183' title='bbox 1333 1604 1445 1643; x_wconf 84' lang='lat' dir='ltr'>esset,</span> <span class='ocrx_word' id='word_1_184' title='bbox 1480 1610 1553 1635; x_wconf 90' lang='lat' dir='ltr'>nec</span> 
     </span>
     <span class='ocr_line' id='line_1_23' title="bbox 217 1661 1553 1713; baseline 0.001 -16"><span class='ocrx_word' id='word_1_185' title='bbox 217 1661 313 1698; x_wconf 87' lang='lat' dir='ltr'>mihi</span> <span class='ocrx_word' id='word_1_186' title='bbox 343 1675 415 1700; x_wconf 91' lang='lat' dir='ltr'>nec</span> <span class='ocrx_word' id='word_1_187' title='bbox 445 1662 549 1700; x_wconf 86' lang='lat' dir='ltr'>fratri</span> <span class='ocrx_word' id='word_1_188' title='bbox 579 1677 669 1701; x_wconf 88' lang='lat' dir='ltr'>meo</span> <span class='ocrx_word' id='word_1_189' title='bbox 699 1677 772 1701; x_wconf 89' lang='lat' dir='ltr'>nec</span> <span class='ocrx_word' id='word_1_190' title='bbox 802 1663 986 1713; x_wconf 84' lang='lat' dir='ltr'>cuiquam</span> <span class='ocrx_word' id='word_1_191' title='bbox 1016 1662 1235 1701; x_wconf 87' lang='lat' dir='ltr'>amicorum</span> <span class='ocrx_word' id='word_1_192' title='bbox 1269 1661 1415 1712; x_wconf 79' lang='lat' dir='ltr'>placuit</span> <span class='ocrx_word' id='word_1_193' title='bbox 1449 1675 1553 1699; x_wconf 92' lang='lat' dir='ltr'>com-</span> 
     </span>
     <span class='ocr_line' id='line_1_24' title="bbox 216 1725 1551 1766; baseline 0 -3"><span class='ocrx_word' id='word_1_194' title='bbox 216 1726 369 1765; x_wconf 90' lang='lat' dir='ltr'>mittere</span> <span class='ocrx_word' id='word_1_195' title='bbox 400 1735 441 1765; x_wconf 91' lang='lat' dir='ltr'>ut</span> <span class='ocrx_word' id='word_1_196' title='bbox 471 1727 668 1766; x_wconf 84' lang='lat' dir='ltr'>temeritas</span> <span class='ocrx_word' id='word_1_197' title='bbox 695 1736 827 1766; x_wconf 86' lang='lat' dir='ltr'>nostra</span> <span class='ocrx_word' id='word_1_198' title='bbox 855 1742 934 1765; x_wconf 93' lang='lat' dir='ltr'>non</span> <span class='ocrx_word' id='word_1_199' title='bbox 963 1729 1090 1765; x_wconf 90' lang='lat' dir='ltr'>solum</span> <span class='ocrx_word' id='word_1_200' title='bbox 1119 1727 1234 1765; x_wconf 89' lang='lat' dir='ltr'>nobis</span> <span class='ocrx_word' id='word_1_201' title='bbox 1259 1728 1328 1765; x_wconf 87' lang='lat' dir='ltr'>sed</span> <span class='ocrx_word' id='word_1_202' title='bbox 1356 1726 1473 1764; x_wconf 81' lang='lat' dir='ltr'>etiarn</span> <span class='ocrx_word' id='word_1_203' title='bbox 1499 1725 1551 1764; x_wconf 89' lang='lat' dir='ltr'>rei</span> 
     </span>
     <span class='ocr_line' id='line_1_25' title="bbox 216 1791 1549 1843; baseline -0.001 -14"><span class='ocrx_word' id='word_1_204' title='bbox 216 1791 398 1840; x_wconf 89' lang='lat' dir='ltr'>publicae</span> <span class='ocrx_word' id='word_1_205' title='bbox 437 1800 607 1839; x_wconf 87' lang='lat' dir='ltr'>noceret,</span> <span class='ocrx_word' id='word_1_206' title='bbox 641 1807 732 1831; x_wconf 90' lang='lat' dir='ltr'>cum</span> <span class='ocrx_word' id='word_1_207' title='bbox 765 1792 991 1843; x_wconf 86' lang='lat' dir='ltr'>praesertim</span> <span class='ocrx_word' id='word_1_208' title='bbox 1024 1806 1104 1830; x_wconf 89' lang='lat' dir='ltr'>non</span> <span class='ocrx_word' id='word_1_209' title='bbox 1137 1791 1407 1830; x_wconf 85' lang='lat' dir='ltr'>dubitaremus</span> <span class='ocrx_word' id='word_1_210' title='bbox 1443 1791 1549 1840; x_wconf 87' lang='lat' dir='ltr'>quin,</span> 
     </span>
    </p>

    <p class='ocr_par' dir='ltr' id='par_1_9' title="bbox 157 1855 1551 1971">
     <span class='ocr_line' id='line_1_26' title="bbox 157 1855 1551 1905; baseline 0 -12"><span class='ocrx_word' id='word_1_211' title='bbox 157 1867 195 1898; x_wconf 85' lang='lat'>25</span> <span class='ocrx_word' id='word_1_212' title='bbox 218 1855 248 1893; x_wconf 90' lang='lat' dir='ltr'>si</span> <span class='ocrx_word' id='word_1_213' title='bbox 280 1856 397 1894; x_wconf 89' lang='lat' dir='ltr'>etiarn</span> <span class='ocrx_word' id='word_1_214' title='bbox 430 1865 556 1895; x_wconf 89' lang='lat' dir='ltr'>tutum</span> <span class='ocrx_word' id='word_1_215' title='bbox 593 1857 707 1895; x_wconf 85' lang='lat' dir='ltr'>nobis</span> <span class='ocrx_word' id='word_1_216' title='bbox 742 1857 812 1896; x_wconf 90' lang='lat' dir='ltr'>iter</span> <span class='ocrx_word' id='word_1_217' title='bbox 844 1857 989 1904; x_wconf 87' lang='lat' dir='ltr'>fuisset,</span> <span class='ocrx_word' id='word_1_218' title='bbox 1022 1866 1060 1896; x_wconf 93' lang='lat' dir='ltr'>te</span> <span class='ocrx_word' id='word_1_219' title='bbox 1092 1865 1225 1895; x_wconf 87' lang='lat' dir='ltr'>tamen</span> <span class='ocrx_word' id='word_1_220' title='bbox 1255 1857 1331 1894; x_wconf 88' lang='lat' dir='ltr'>iam</span> <span class='ocrx_word' id='word_1_221' title='bbox 1362 1855 1551 1905; x_wconf 90' lang='lat' dir='ltr'>consequi</span> 
     </span>
     <span class='ocr_line' id='line_1_27' title="bbox 216 1935 541 1971; baseline 0.006 -13"><span class='ocrx_word' id='word_1_222' title='bbox 216 1935 295 1960; x_wconf 89' lang='lat' dir='ltr'>non</span> <span class='ocrx_word' id='word_1_223' title='bbox 326 1936 541 1971; x_wconf 85' lang='lat' dir='ltr'>possemus.</span> 
     </span>
    </p>

    <p class='ocr_par' dir='ltr' id='par_1_10' title="bbox 215 1985 1597 2167">
     <span class='ocr_line' id='line_1_28' title="bbox 271 1985 1597 2037; baseline -0.001 -13"><span class='ocrx_word' id='word_1_224' title='bbox 271 1987 433 2025; x_wconf 89' lang='lat' dir='ltr'>Interim</span> <span class='ocrx_word' id='word_1_225' title='bbox 454 1987 679 2037; x_wconf 89' lang='lat' dir='ltr'>accepimus</span> <span class='ocrx_word' id='word_1_226' title='bbox 701 1995 786 2025; x_wconf 90' lang='lat' dir='ltr'>tuas</span> <span class='ocrx_word' id='word_1_227' title='bbox 808 1988 953 2026; x_wconf 85' lang='lat' dir='ltr'>litteras</span> <span class='ocrx_word' id='word_1_228' title='bbox 976 1987 1151 2027; x_wconf 85' lang='lat' dir='ltr'>Canusio</span> <span class='ocrx_word' id='word_1_229' title='bbox 1172 2000 1204 2025; x_wconf 90' lang='lat' dir='ltr'>a.</span> <span class='ocrx_word' id='word_1_230' title='bbox 1221 1988 1259 2025; x_wconf 91' lang='lat' dir='ltr'>d.</span> <span class='ocrx_word' id='word_1_231' title='bbox 1275 1999 1302 2024; x_wconf 80' lang='lat' dir='ltr'>x</span> <span class='ocrx_word' id='word_1_232' title='bbox 1321 1988 1370 2023; x_wconf 89' lang='lat' dir='ltr'>K.</span> <span class='ocrx_word' id='word_1_233' title='bbox 1390 1985 1551 2024; x_wconf 87' lang='lat' dir='ltr'>Martias</span> <span class='ocrx_word' id='word_1_234' title='bbox 1571 1995 1597 2031; x_wconf 91' lang='lat'>4</span> 
     </span>
     <span class='ocr_line' id='line_1_29' title="bbox 215 2051 1548 2101; baseline -0.002 -12"><span class='ocrx_word' id='word_1_235' title='bbox 215 2052 337 2099; x_wconf 87' lang='lat' dir='ltr'>datas,</span> <span class='ocrx_word' id='word_1_236' title='bbox 360 2052 504 2101; x_wconf 87' lang='lat' dir='ltr'>quibus</span> <span class='ocrx_word' id='word_1_237' title='bbox 525 2066 597 2090; x_wconf 89' lang='lat' dir='ltr'>nos</span> <span class='ocrx_word' id='word_1_238' title='bbox 619 2052 781 2090; x_wconf 88' lang='lat' dir='ltr'>hortaris</span> <span class='ocrx_word' id='word_1_239' title='bbox 803 2060 845 2089; x_wconf 93' lang='lat' dir='ltr'>ut</span> <span class='ocrx_word' id='word_1_240' title='bbox 866 2052 1029 2091; x_wconf 89' lang='lat' dir='ltr'>celerius</span> <span class='ocrx_word' id='word_1_241' title='bbox 1059 2052 1312 2090; x_wconf 87' lang='lat' dir='ltr'>Brundisium</span> <span class='ocrx_word' id='word_1_242' title='bbox 1335 2051 1548 2089; x_wconf 88' lang='lat' dir='ltr'>veniamus.</span> 
     </span>
     <span class='ocr_line' id='line_1_30' title="bbox 217 2115 1552 2167; baseline -0.001 -13"><span class='ocrx_word' id='word_1_243' title='bbox 217 2117 326 2164; x_wconf 84' lang='lat' dir='ltr'>Quas</span> <span class='ocrx_word' id='word_1_244' title='bbox 356 2130 446 2154; x_wconf 90' lang='lat' dir='ltr'>cum</span> <span class='ocrx_word' id='word_1_245' title='bbox 476 2117 764 2167; x_wconf 85' lang='lat' dir='ltr'>accepissemus</span> <span class='ocrx_word' id='word_1_246' title='bbox 793 2131 825 2154; x_wconf 82' lang='lat' dir='ltr'>a.</span> <span class='ocrx_word' id='word_1_247' title='bbox 859 2119 895 2155; x_wconf 93' lang='lat' dir='ltr'>d.</span> <span class='ocrx_word' id='word_1_248' title='bbox 930 2130 974 2155; x_wconf 88' lang='lat'>111</span> <span class='ocrx_word' id='word_1_249' title='bbox 1008 2120 1056 2155; x_wconf 86' lang='lat' dir='ltr'>K.</span> <span class='ocrx_word' id='word_1_250' title='bbox 1092 2117 1265 2163; x_wconf 86' lang='lat' dir='ltr'>Martias,</span> <span class='ocrx_word' id='word_1_251' title='bbox 1288 2130 1369 2154; x_wconf 91' lang='lat' dir='ltr'>non</span> <span class='ocrx_word' id='word_1_252' title='bbox 1401 2115 1552 2153; x_wconf 88' lang='lat' dir='ltr'>dubita-</span> 
     </span>
    </p>

    <p class='ocr_par' dir='ltr' id='par_1_11' title="bbox 157 2180 1552 2231">
     <span class='ocr_line' id='line_1_31' title="bbox 157 2180 1552 2231; baseline 0 -13"><span class='ocrx_word' id='word_1_253' title='bbox 157 2192 199 2223; x_wconf 78' lang='lat'>30</span> <span class='ocrx_word' id='word_1_254' title='bbox 218 2180 356 2218; x_wconf 88' lang='lat' dir='ltr'>bamus</span> <span class='ocrx_word' id='word_1_255' title='bbox 387 2181 479 2230; x_wconf 90' lang='lat' dir='ltr'>quin</span> <span class='ocrx_word' id='word_1_256' title='bbox 512 2189 552 2218; x_wconf 91' lang='lat' dir='ltr'>tu</span> <span class='ocrx_word' id='word_1_257' title='bbox 582 2181 658 2219; x_wconf 88' lang='lat' dir='ltr'>iam</span> <span class='ocrx_word' id='word_1_258' title='bbox 692 2181 943 2220; x_wconf 86' lang='lat' dir='ltr'>Brundisium</span> <span class='ocrx_word' id='word_1_259' title='bbox 974 2181 1228 2231; x_wconf 84' lang='lat' dir='ltr'>pervenisses,</span> <span class='ocrx_word' id='word_1_260' title='bbox 1252 2181 1447 2230; x_wconf 89' lang='lat' dir='ltr'>nobisque</span> <span class='ocrx_word' id='word_1_261' title='bbox 1480 2180 1552 2219; x_wconf 90' lang='lat' dir='ltr'>iter</span> 
     </span>
    </p>

    <p class='ocr_par' dir='ltr' id='par_1_12' title="bbox 216 2273 1549 2401">
     <span class='ocr_line' id='line_1_32' title="bbox 261 2273 1549 2314; baseline -0.002 -10"><span class='ocrx_word' id='word_1_262' title='bbox 261 2284 277 2312; x_wconf 95' lang='lat'>7</span> <span class='ocrx_word' id='word_1_263' title='bbox 304 2274 490 2312; x_wconf 83' lang='lat' dir='ltr'>scripseras</span> <span class='ocrx_word' id='word_1_264' title='bbox 514 2274 583 2305; x_wconf 80' lang='lat' dir='ltr'>secl.</span> <span class='ocrx_word' id='word_1_265' title='bbox 616 2274 707 2304; x_wconf 77' lang='lat' dir='ltr'>Cobet</span> <span class='ocrx_word' id='word_1_266' title='bbox 853 2285 873 2313; x_wconf 92' lang='lat'><strong>9</strong></span> <span class='ocrx_word' id='word_1_267' title='bbox 898 2275 1068 2314; x_wconf 86' lang='lat' dir='ltr'>praesidio</span> <span class='ocrx_word' id='word_1_268' title='bbox 1096 2274 1183 2304; x_wconf 82' lang='lat' dir='ltr'>codd.</span> <span class='ocrx_word' id='word_1_269' title='bbox 1216 2273 1356 2303; x_wconf 70' lang='lat' dir='ltr'>Msiller:</span> <span class='ocrx_word' id='word_1_270' title='bbox 1392 2273 1549 2312; x_wconf 84' lang='lat' dir='ltr'>praesidii</span> 
     </span>
     <span class='ocr_line' id='line_1_33' title="bbox 217 2316 1549 2358; baseline 0 -12"><span class='ocrx_word' id='word_1_271' title='bbox 217 2318 316 2358; x_wconf 62' lang='lat' dir='ltr'><em>vulg„</em></span> <span class='ocrx_word' id='word_1_272' title='bbox 329 2317 418 2356; x_wconf 77' lang='lat' dir='ltr'>sorte</span> <span class='ocrx_word' id='word_1_273' title='bbox 435 2321 516 2351; x_wconf 73' lang='lat' dir='ltr'>recle,</span> <span class='ocrx_word' id='word_1_274' title='bbox 536 2318 575 2356; x_wconf 84' lang='lat' dir='ltr'>cf.</span> <span class='ocrx_word' id='word_1_275' title='bbox 595 2318 662 2348; x_wconf 92' lang='lat' dir='ltr'>viii.</span> <span class='ocrx_word' id='word_1_276' title='bbox 682 2320 710 2348; x_wconf 85' lang='lat'>6.</span> <span class='ocrx_word' id='word_1_277' title='bbox 729 2318 821 2357; x_wconf 79' lang='lat' dir='ltr'><em>2fin.</em></span> <span class='ocrx_word' id='word_1_278' title='bbox 973 2328 1009 2356; x_wconf 84' lang='lat'>15</span> <span class='ocrx_word' id='word_1_279' title='bbox 1035 2318 1225 2348; x_wconf 81' lang='lat' dir='ltr'>audivimus</span> <span class='ocrx_word' id='word_1_280' title='bbox 1248 2316 1367 2347; x_wconf 56' lang='lat' dir='ltr'>Reum</span> <span class='ocrx_word' id='word_1_281' title='bbox 1396 2317 1549 2347; x_wconf 84' lang='lat' dir='ltr'>audimus</span> 
     </span>
     <span class='ocr_line' id='line_1_34' title="bbox 216 2360 1548 2401; baseline -0.001 -11"><span class='ocrx_word' id='word_1_282' title='bbox 216 2360 276 2390; x_wconf 89' lang='lat' dir='ltr'>M:</span> <span class='ocrx_word' id='word_1_283' title='bbox 310 2361 476 2390; x_wconf 85' lang='lat' dir='ltr'>audiimus</span> <span class='ocrx_word' id='word_1_284' title='bbox 501 2360 688 2401; x_wconf 65' lang='lat' dir='ltr'>Wesenhmg</span> <span class='ocrx_word' id='word_1_285' title='bbox 833 2371 871 2399; x_wconf 87' lang='lat'>19</span> <span class='ocrx_word' id='word_1_286' title='bbox 896 2362 1135 2400; x_wconf 77' lang='lat' dir='ltr'>exciperemur</span> <span class='ocrx_word' id='word_1_287' title='bbox 1160 2361 1212 2390; x_wconf 58' lang='grc' dir='ltr'>[ΜΖ</span> <span class='ocrx_word' id='word_1_288' title='bbox 1234 2361 1368 2390; x_wconf 77' lang='lat' dir='ltr'>Nonius</span> <span class='ocrx_word' id='word_1_289' title='bbox 1391 2371 1464 2399; x_wconf 85' lang='lat'><strong>293.</strong></span> <span class='ocrx_word' id='word_1_290' title='bbox 1486 2370 1548 2390; x_wconf 87' lang='lat'>22:</span> 
     </span>
    </p>
   </div>
   <div class='ocr_carea' id='block_1_3' title="bbox 217 2403 1545 2487">
    <p class='ocr_par' dir='ltr' id='par_1_13' title="bbox 217 2403 1545 2487">
     <span class='ocr_line' id='line_1_35' title="bbox 217 2403 1545 2443; baseline 0 -10"><span class='ocrx_word' id='word_1_291' title='bbox 217 2405 454 2443; x_wconf 83' lang='lat' dir='ltr'>exciperemus</span> <span class='ocrx_word' id='word_1_292' title='bbox 473 2403 522 2433; x_wconf 67' lang='lat' dir='ltr'>Ml</span> <span class='ocrx_word' id='word_1_293' title='bbox 615 2415 651 2434; x_wconf 86' lang='lat'>21</span> <span class='ocrx_word' id='word_1_294' title='bbox 681 2405 877 2436; x_wconf 83' lang='lat' dir='ltr'>intenderet</span> <span class='ocrx_word' id='word_1_295' title='bbox 889 2405 990 2436; x_wconf 83' lang='lat' dir='ltr'>Rom.</span> <span class='ocrx_word' id='word_1_296' title='bbox 1003 2405 1044 2435; x_wconf 89' lang='lat' dir='ltr'>I:</span> <span class='ocrx_word' id='word_1_297' title='bbox 1066 2405 1259 2434; x_wconf 85' lang='lat' dir='ltr'>intenderat</span> <span class='ocrx_word' id='word_1_298' title='bbox 1272 2404 1408 2434; x_wconf 63' lang='grc' dir='ltr'><em>Μίνω.</em></span> <span class='ocrx_word' id='word_1_299' title='bbox 1425 2404 1545 2434; x_wconf 79' lang='lat' dir='ltr'>Lanzl).</span> 
     </span>
     <span class='ocr_line' id='line_1_36' title="bbox 217 2447 769 2487; baseline 0 -10"><span class='ocrx_word' id='word_1_300' title='bbox 217 2458 257 2485; x_wconf 85' lang='lat'>27</span> <span class='ocrx_word' id='word_1_301' title='bbox 284 2447 415 2477; x_wconf 87' lang='lat' dir='ltr'>interim</span> <span class='ocrx_word' id='word_1_302' title='bbox 436 2448 481 2478; x_wconf 88' lang='lat' dir='ltr'>C:</span> <span class='ocrx_word' id='word_1_303' title='bbox 508 2448 586 2478; x_wconf 88' lang='lat' dir='ltr'>inde</span> <span class='ocrx_word' id='word_1_304' title='bbox 604 2448 711 2487; x_wconf 90' lang='lat' dir='ltr'>primo</span> <span class='ocrx_word' id='word_1_305' title='bbox 729 2448 769 2477; x_wconf 89' lang='lat' dir='ltr'><em>M</em></span> 
     </span>
    </p>
   </div>
  </div>
 </body>
</html>
