1773 2651
119 848 157 870 10

118 1506 156 1526 20

115 2152 156 2183 30

574 143 685 179 EPP.
718 142 796 178 AD
827 141 1085 179 ATTICVM
1464 138 1540 174 ΙΙΙ.
1565 135 1640 172 viii

177 251 283 290 vidit.
343 254 475 291 Vento
503 252 668 290 reiectus
694 252 744 290 ab
775 251 848 290 Ilio
876 251 914 289 in
946 250 1224 289 Macedoniam
1258 251 1387 288 Pellae
1412 247 1507 286 mihi

177 324 332 366 praesto
364 317 443 355 fuit.
506 317 675 367 Reliqua
705 331 822 367 quam
856 316 948 354 mihi
981 316 1156 354 timenda
1186 315 1262 352 sint
1289 314 1405 353 video
1435 327 1508 352 nec

176 381 271 431 quid
300 381 466 420 scribam
499 382 628 420 habeo
653 390 690 420 et
716 382 849 420 omnia
879 381 1010 427 timeo,
1041 394 1114 418 nec
1139 388 1217 418 tam
1244 379 1429 417 miserum
1451 386 1509 417 est

176 446 389 496 quicquam
415 449 522 496 quod
554 461 634 484 non
664 446 702 484 in
734 455 907 484 nostram
937 447 1132 483 fortunam
1159 445 1298 483 cadere
1320 443 1506 482 videatur.

178 511 374 560 Equidem
405 513 536 549 adhuc
565 511 681 549 miser
712 511 751 548 in
783 511 960 549 maximis
990 510 1086 548 meis
1112 509 1309 548 aerumnis
1337 516 1375 547 et
1402 508 1510 546 lucti-

177 575 249 613 bus
271 577 346 613 hoc
375 584 481 614 metu
509 576 665 614 adiecto
692 589 833 614 maneo
861 575 1169 613 Thessalonicae
1196 587 1409 623 suspensus
1435 586 1508 611 nec

175 642 304 679 audeo
325 641 548 690 quicquam.

231 708 349 744 Nunc
370 707 421 744 ad
442 720 488 744 ea
516 720 617 756 quae
647 706 844 757 scripsisti.
904 707 1158 756 Tryphonem
1181 703 1397 744 Caecilium
1426 717 1506 742 non
1526 710 1550 747 3

177 771 267 809 vidi.
329 773 560 810 Sermonem
593 779 703 809 tuum
734 780 771 810 et
801 771 964 820 Pompei
995 770 1161 820 cognovi
1189 783 1235 807 ex
1259 769 1335 807 tuis
1360 768 1504 806 litteris.

180 838 338 874 Motum
376 836 415 873 in
448 850 487 874 re
519 836 677 886 publica
712 850 791 874 non
827 844 979 874 tantum
1019 849 1092 885 ego
1130 835 1359 884 impendere
1393 834 1509 872 video

179 909 370 950 quantum
414 909 453 939 tu
493 909 560 940 aut
600 901 709 940 vides
748 909 815 940 aut
853 902 903 939 ad
938 914 1001 939 me
1040 900 1327 938 consolandum
1366 900 1505 937 adfers.

177 966 346 1016 Tigrane
382 967 487 1005 enim
523 968 703 1017 neglecto
737 967 891 1004 sublata
922 973 1012 1004 sunt
1045 965 1186 1003 omnia.
1247 963 1413 1002 Varroni
1446 977 1508 1002 me

178 1032 289 1070 iubes
311 1046 424 1082 agere
444 1032 595 1083 gratias.
644 1031 800 1070 Faciam
817 1047 826 1079 3
856 1031 948 1069 item
972 1033 1171 1081 Hypsaeo.
1223 1030 1344 1078 Quod
1366 1031 1508 1067 suades

178 1111 226 1135 ne
248 1098 402 1148 longius
431 1098 682 1136 discedamus
710 1098 805 1135 dum
833 1105 920 1134 acta
944 1096 1088 1134 mensis
1111 1095 1193 1133 Mai
1220 1095 1271 1133 ad
1292 1108 1364 1132 nos
1389 1095 1509 1144 perfe-

177 1171 319 1209 rantur,
345 1172 441 1213 puto
467 1177 529 1201 me
554 1163 607 1201 ita
630 1176 715 1201 esse
745 1164 936 1200 facturum
968 1163 1037 1199 sed
1065 1160 1132 1199 ubi
1160 1161 1339 1198 nondum
1367 1159 1509 1206 statui;

175 1235 294 1278 atque
317 1228 369 1266 ita
402 1228 629 1278 perturbato
657 1241 744 1265 sum
768 1226 902 1265 animo
923 1227 973 1264 de
999 1225 1150 1274 Quinto
1172 1232 1213 1262 ut
1240 1224 1335 1262 nihil
1364 1237 1505 1274 queam

176 1300 345 1331 statuere
368 1295 437 1332 sed
460 1301 590 1331 tamen
613 1292 743 1331 statim
766 1300 803 1330 te
824 1291 962 1329 faciam
985 1291 1200 1329 certiorem.

231 1360 290 1396 Ex
330 1359 585 1409 epistularum
626 1371 801 1396 mearum
843 1355 1105 1394 inconstantia
1143 1363 1239 1405 puto
1282 1363 1320 1393 te
1363 1354 1550 1396 mentis4

176 1436 287 1462 meae
309 1432 461 1462 motum
484 1424 615 1462 videre
640 1423 718 1472 qui,
741 1421 813 1460 etsi
838 1420 1057 1460 incredibili
1084 1428 1121 1458 et
1149 1419 1331 1469 singulari
1353 1419 1507 1457 calami-

176 1496 254 1527 tate
274 1489 456 1527 adflictus
486 1503 584 1536 sum,
609 1497 741 1526 tamen
772 1501 852 1525 non
874 1494 953 1524 tam
981 1494 1038 1524 est
1066 1500 1111 1523 ex
1139 1484 1293 1523 miseria
1317 1498 1435 1534 quam
1461 1498 1507 1522 ex

176 1554 314 1603 culpae
337 1562 491 1592 nostrae
514 1553 786 1592 recordatione
808 1559 1041 1590 commotus.
1090 1550 1213 1589 Cuius
1235 1550 1339 1588 enim
1362 1551 1506 1587 scelere

175 1618 332 1669 impulsi
359 1634 404 1658 ac
436 1620 579 1670 proditi
610 1620 731 1658 simus
762 1618 838 1656 iam
869 1619 1045 1668 profecto
1065 1616 1185 1661 vides,
1208 1624 1326 1666 atque
1356 1615 1506 1653 utinam

175 1683 252 1721 iam
291 1692 382 1722 ante
421 1684 584 1723 vidisses
624 1697 753 1733 neque
793 1691 918 1721 totum
964 1681 1140 1719 animum
1186 1688 1298 1719 tuum
1341 1680 1506 1719 maerori

176 1763 332 1787 mecum
354 1750 469 1788 simul
492 1750 667 1789 dedisses
686 1753 691 1787 l
752 1751 842 1798 Qua
862 1763 901 1787 re
929 1761 1019 1786 cum
1042 1761 1104 1785 me
1130 1746 1332 1785 adflictum
1354 1754 1392 1784 et
1416 1760 1506 1785 con-

176 1815 322 1852 fectum
344 1816 450 1853 luctu
478 1815 628 1862 audies,
650 1814 870 1852 existimato
898 1826 961 1851 me
982 1811 1166 1850 stultitiae
1197 1825 1307 1849 meae
1335 1825 1505 1861 poenam

176 1880 272 1917 ferre
301 1879 454 1929 gravius
485 1893 604 1930 quam
635 1878 775 1925 eventi,
804 1879 913 1927 quod
943 1877 978 1915 ei
1009 1875 1241 1914 crediderim
1271 1889 1389 1925 quem
1420 1889 1505 1914 esse

175 1944 366 1982 nefarium
388 1959 468 1983 non
496 1944 675 1994 putarim.
747 1945 815 1981 Me
837 1950 875 1981 et
897 1956 1073 1981 meorum
1095 1943 1287 1979 malorum
1316 1941 1506 1979 memoria

175 2017 213 2046 et
247 2017 373 2048 metus
404 2012 454 2048 de
484 2012 597 2048 fratre
627 2009 667 2047 in
697 2008 907 2046 scribendo
937 2007 1112 2057 impedit.
1172 2008 1234 2044 Tu
1264 2006 1337 2044 ista
1371 2006 1505 2045 omnia

174 2073 264 2112 vide
289 2082 326 2113 et
346 2075 530 2124 guberna.
581 2073 767 2113 Terentia
787 2073 857 2112 tibi
879 2073 1066 2111 maximas
1087 2072 1226 2123 gratias
1246 2071 1334 2122 agit.
1387 2071 1504 2110 Litte-

175 2152 302 2177 rarum
324 2142 547 2190 exemplum
569 2153 666 2189 quas
687 2141 737 2177 ad
754 2138 989 2188 Pompeium
1010 2137 1145 2188 scripsi
1166 2136 1252 2175 misi
1273 2136 1354 2175 tibi.
1400 2139 1504 2177 Data

176 2217 238 2242 1111
263 2207 350 2243 Kal.
376 2206 509 2244 Iunias
531 2204 848 2244 Thessalonicae.

222 2319 233 2338 1
264 2309 325 2339 Ilio
343 2309 535 2350 FMadvig,
554 2308 645 2348 quod
665 2309 785 2339 retinui
805 2308 1007 2339 dubitanter:
1034 2308 1089 2339 illo
1108 2307 1167 2338 M:
1193 2308 1285 2339 Atho
1302 2309 1379 2339 coni.
1401 2308 1501 2340 Reid:

165 2352 247 2391 sort.
269 2352 356 2382 Delo
479 2355 499 2383 8
522 2357 597 2383 ante
612 2353 653 2383 ad
671 2352 810 2383 addend.
832 2353 909 2383 audi
928 2352 1004 2383 com'.
1024 2351 1213 2391 Wesenberg
1226 2352 1282 2382 sed
1296 2353 1331 2392 cs.
1353 2353 1393 2383 iv.
1417 2354 1464 2382 16.
1483 2362 1502 2390 5

179 2397 216 2425 18
242 2397 466 2427 inconstantia
482 2397 536 2426 Μ2
552 2408 559 2427 z
586 2397 777 2427 constantia
795 2395 836 2425 M
991 2406 1033 2434 23
1058 2397 1162 2426 errori
1181 2394 1321 2436 Madvig
1462 2398 1503 2426 26

175 2444 333 2470 eventum
350 2441 426 2471 coni.
445 2440 631 2480 Wesenberg
