<?xml version="1.0" encoding="UTF-8"?>
<!DOCTYPE html PUBLIC "-//W3C//DTD XHTML 1.0 Transitional//EN"
    "http://www.w3.org/TR/xhtml1/DTD/xhtml1-transitional.dtd">
<html xmlns="http://www.w3.org/1999/xhtml" xml:lang="en" lang="en">
 <head>
  <title>
</title>
<meta http-equiv="Content-Type" content="text/html;charset=utf-8" />
  <meta name='ocr-system' content='tesseract 3.04.00' />
  <meta name='ocr-capabilities' content='ocr_page ocr_carea ocr_par ocr_line ocrx_word'/>
</head>
<body>
  <div class='ocr_page' id='page_1' title='image "./p1epistulaerecog02ciceuoft_0280.png"; bbox 0 0 1773 2651; ppageno 0'>
   <div class='ocr_carea' id='block_1_1' title="bbox 96 190 1210 228">
    <p class='ocr_par' dir='ltr' id='par_1_1' title="bbox 96 190 1210 228">
     <span class='ocr_line' id='line_1_1' title="bbox 96 190 1210 228; baseline 0 -2"><span class='ocrx_word' id='word_1_1' title='bbox 96 191 215 227; x_wconf 75' lang='lat' dir='ltr'>VIII.</span> <span class='ocrx_word' id='word_1_2' title='bbox 236 191 282 226; x_wconf 89' lang='lat' dir='ltr'>xi</span> <span class='ocrx_word' id='word_1_3' title='bbox 612 191 666 227; x_wconf 88' lang='lat' dir='ltr'>M.</span> <span class='ocrx_word' id='word_1_4' title='bbox 701 191 869 227; x_wconf 88' lang='lat' dir='ltr'>TVLLI</span> <span class='ocrx_word' id='word_1_5' title='bbox 902 190 1210 228; x_wconf 88' lang='lat' dir='ltr'>CICERONIS</span> 
     </span>
    </p>
   </div>
   <div class='ocr_carea' id='block_1_2' title="bbox 203 301 1643 1004">
    <p class='ocr_par' dir='ltr' id='par_1_2' title="bbox 203 301 1583 482">
     <span class='ocr_line' id='line_1_2' title="bbox 203 301 1582 353; baseline 0 -12"><span class='ocrx_word' id='word_1_6' title='bbox 203 304 230 341; x_wconf 90' lang='lat'>6</span> <span class='ocrx_word' id='word_1_7' title='bbox 306 303 571 353; x_wconf 76' lang='lat' dir='ltr'>Epistularum</span> <span class='ocrx_word' id='word_1_8' title='bbox 602 303 767 352; x_wconf 88' lang='lat' dir='ltr'>Pompei</span> <span class='ocrx_word' id='word_1_9' title='bbox 803 302 969 340; x_wconf 84' lang='lat' dir='ltr'>duarum</span> <span class='ocrx_word' id='word_1_10' title='bbox 1004 315 1101 351; x_wconf 86' lang='lat' dir='ltr'>quas</span> <span class='ocrx_word' id='word_1_11' title='bbox 1134 303 1185 340; x_wconf 90' lang='lat' dir='ltr'>ad</span> <span class='ocrx_word' id='word_1_12' title='bbox 1220 316 1282 340; x_wconf 87' lang='lat' dir='ltr'>me</span> <span class='ocrx_word' id='word_1_13' title='bbox 1318 301 1422 340; x_wconf 82' lang='lat' dir='ltr'>misit</span> <span class='ocrx_word' id='word_1_14' title='bbox 1456 303 1582 352; x_wconf 86' lang='lat' dir='ltr'>negle-</span> 
     </span>
     <span class='ocr_line' id='line_1_3' title="bbox 248 366 1583 418; baseline -0.001 -12"><span class='ocrx_word' id='word_1_15' title='bbox 248 369 420 418; x_wconf 79' lang='lat' dir='ltr'>gentiam</span> <span class='ocrx_word' id='word_1_16' title='bbox 460 381 670 417; x_wconf 78' lang='lat' dir='ltr'>meamque</span> <span class='ocrx_word' id='word_1_17' title='bbox 709 367 748 404; x_wconf 87' lang='lat' dir='ltr'>in</span> <span class='ocrx_word' id='word_1_18' title='bbox 788 368 1040 405; x_wconf 87' lang='lat' dir='ltr'>rescribendo</span> <span class='ocrx_word' id='word_1_19' title='bbox 1079 367 1322 416; x_wconf 75' lang='lat' dir='ltr'>diligentiam</span> <span class='ocrx_word' id='word_1_20' title='bbox 1361 366 1466 405; x_wconf 86' lang='lat' dir='ltr'>volui</span> <span class='ocrx_word' id='word_1_21' title='bbox 1512 367 1583 405; x_wconf 89' lang='lat' dir='ltr'>tibi</span> 
     </span>
     <span class='ocr_line' id='line_1_4' title="bbox 250 431 1198 482; baseline -0.004 -10"><span class='ocrx_word' id='word_1_22' title='bbox 250 442 384 472; x_wconf 87' lang='lat' dir='ltr'>notam</span> <span class='ocrx_word' id='word_1_23' title='bbox 415 448 509 472; x_wconf 89' lang='lat' dir='ltr'>esse.</span> <span class='ocrx_word' id='word_1_24' title='bbox 571 435 716 470; x_wconf 87' lang='lat' dir='ltr'>Earum</span> <span class='ocrx_word' id='word_1_25' title='bbox 747 434 924 482; x_wconf 87' lang='lat' dir='ltr'>exempla</span> <span class='ocrx_word' id='word_1_26' title='bbox 953 433 1004 470; x_wconf 86' lang='lat' dir='ltr'>ad</span> <span class='ocrx_word' id='word_1_27' title='bbox 1033 439 1071 469; x_wconf 92' lang='lat' dir='ltr'>te</span> <span class='ocrx_word' id='word_1_28' title='bbox 1102 431 1198 469; x_wconf 85' lang='lat' dir='ltr'>misi.</span> 
     </span>
    </p>

    <p class='ocr_par' dir='ltr' id='par_1_3' title="bbox 208 496 1643 1004">
     <span class='ocr_line' id='line_1_5' title="bbox 208 496 1582 549; baseline -0.004 -11"><span class='ocrx_word' id='word_1_29' title='bbox 208 511 231 549; x_wconf 95' lang='lat'><strong>7</strong></span> <span class='ocrx_word' id='word_1_30' title='bbox 304 499 481 538; x_wconf 75' lang='lat' dir='ltr'>Caesaris</span> <span class='ocrx_word' id='word_1_31' title='bbox 513 498 576 536; x_wconf 88' lang='lat' dir='ltr'>hic</span> <span class='ocrx_word' id='word_1_32' title='bbox 608 511 676 548; x_wconf 89' lang='lat' dir='ltr'>per</span> <span class='ocrx_word' id='word_1_33' title='bbox 708 497 891 547; x_wconf 82' lang='lat' dir='ltr'>Apuliam</span> <span class='ocrx_word' id='word_1_34' title='bbox 930 498 981 535; x_wconf 90' lang='lat' dir='ltr'>ad</span> <span class='ocrx_word' id='word_1_35' title='bbox 1021 497 1274 534; x_wconf 81' lang='lat' dir='ltr'>Brundisium</span> <span class='ocrx_word' id='word_1_36' title='bbox 1313 510 1448 534; x_wconf 90' lang='lat' dir='ltr'>cursus</span> <span class='ocrx_word' id='word_1_37' title='bbox 1486 496 1582 545; x_wconf 89' lang='lat' dir='ltr'>quid</span> 
     </span>
     <span class='ocr_line' id='line_1_6' title="bbox 249 561 1621 614; baseline -0.004 -11"><span class='ocrx_word' id='word_1_38' title='bbox 249 565 389 603; x_wconf 82' lang='lat' dir='ltr'>efficiat</span> <span class='ocrx_word' id='word_1_39' title='bbox 419 571 613 614; x_wconf 79' lang='lat' dir='ltr'>exspecto.</span> <span class='ocrx_word' id='word_1_40' title='bbox 674 562 836 600; x_wconf 86' lang='lat' dir='ltr'>Vtinam</span> <span class='ocrx_word' id='word_1_41' title='bbox 870 561 1019 611; x_wconf 87' lang='lat' dir='ltr'>aliquid</span> <span class='ocrx_word' id='word_1_42' title='bbox 1050 561 1175 600; x_wconf 91' lang='lat' dir='ltr'>simile</span> <span class='ocrx_word' id='word_1_43' title='bbox 1211 561 1400 599; x_wconf 78' lang='lat' dir='ltr'>Parthicis</span> <span class='ocrx_word' id='word_1_44' title='bbox 1439 561 1555 599; x_wconf 86' lang='lat' dir='ltr'>rebus</span> <span class='ocrx_word' id='word_1_45' title='bbox 1575 563 1582 598; x_wconf 77' lang='lat' dir='ltr'>l</span> <span class='ocrx_word' id='word_1_46' title='bbox 1602 575 1621 608; x_wconf 85' lang='lat'>5</span> 
     </span>
     <span class='ocr_line' id='line_1_7' title="bbox 249 625 1582 678; baseline -0.003 -11"><span class='ocrx_word' id='word_1_47' title='bbox 249 630 371 668; x_wconf 84' lang='lat' dir='ltr'>Simul</span> <span class='ocrx_word' id='word_1_48' title='bbox 403 629 552 678; x_wconf 87' lang='lat' dir='ltr'>aliquid</span> <span class='ocrx_word' id='word_1_49' title='bbox 584 627 757 674; x_wconf 82' lang='lat' dir='ltr'>audiero,</span> <span class='ocrx_word' id='word_1_50' title='bbox 791 626 959 665; x_wconf 88' lang='lat' dir='ltr'>scribam</span> <span class='ocrx_word' id='word_1_51' title='bbox 997 627 1048 664; x_wconf 89' lang='lat' dir='ltr'>ad</span> <span class='ocrx_word' id='word_1_52' title='bbox 1087 634 1135 664; x_wconf 90' lang='lat' dir='ltr'>te.</span> <span class='ocrx_word' id='word_1_53' title='bbox 1195 627 1257 664; x_wconf 91' lang='lat' dir='ltr'>Tu</span> <span class='ocrx_word' id='word_1_54' title='bbox 1289 627 1339 664; x_wconf 87' lang='lat' dir='ltr'>ad</span> <span class='ocrx_word' id='word_1_55' title='bbox 1372 639 1435 664; x_wconf 86' lang='lat' dir='ltr'>me</span> <span class='ocrx_word' id='word_1_56' title='bbox 1466 625 1582 663; x_wconf 89' lang='lat' dir='ltr'>velim</span> 
     </span>
     <span class='ocr_line' id='line_1_8' title="bbox 249 690 1583 741; baseline -0.004 -8"><span class='ocrx_word' id='word_1_57' title='bbox 249 696 444 734; x_wconf 86' lang='lat' dir='ltr'>bonorum</span> <span class='ocrx_word' id='word_1_58' title='bbox 465 707 677 732; x_wconf 81' lang='lat' dir='ltr'>sermones.</span> <span class='ocrx_word' id='word_1_59' title='bbox 727 694 881 731; x_wconf 88' lang='lat' dir='ltr'>Romae</span> <span class='ocrx_word' id='word_1_60' title='bbox 901 693 1125 741; x_wconf 88' lang='lat' dir='ltr'>frequentes</span> <span class='ocrx_word' id='word_1_61' title='bbox 1145 704 1230 729; x_wconf 87' lang='lat' dir='ltr'>esse</span> <span class='ocrx_word' id='word_1_62' title='bbox 1251 691 1444 729; x_wconf 90' lang='lat' dir='ltr'>dicuntur.</span> <span class='ocrx_word' id='word_1_63' title='bbox 1493 690 1583 728; x_wconf 87' lang='lat' dir='ltr'>Scio</span> 
     </span>
     <span class='ocr_line' id='line_1_9' title="bbox 248 755 1584 809; baseline -0.003 -11"><span class='ocrx_word' id='word_1_64' title='bbox 248 760 433 809; x_wconf 80' lang='lat' dir='ltr'>equidem</span> <span class='ocrx_word' id='word_1_65' title='bbox 459 766 496 797; x_wconf 87' lang='lat' dir='ltr'>te</span> <span class='ocrx_word' id='word_1_66' title='bbox 524 759 563 796; x_wconf 89' lang='lat' dir='ltr'>in</span> <span class='ocrx_word' id='word_1_67' title='bbox 593 758 797 808; x_wconf 88' lang='lat' dir='ltr'>publicum</span> <span class='ocrx_word' id='word_1_68' title='bbox 827 771 908 795; x_wconf 91' lang='lat' dir='ltr'>non</span> <span class='ocrx_word' id='word_1_69' title='bbox 938 756 1104 807; x_wconf 90' lang='lat' dir='ltr'>prodire,</span> <span class='ocrx_word' id='word_1_70' title='bbox 1128 757 1197 794; x_wconf 88' lang='lat' dir='ltr'>sed</span> <span class='ocrx_word' id='word_1_71' title='bbox 1227 764 1359 795; x_wconf 86' lang='lat' dir='ltr'>tamen</span> <span class='ocrx_word' id='word_1_72' title='bbox 1383 755 1519 794; x_wconf 88' lang='lat' dir='ltr'>audire</span> <span class='ocrx_word' id='word_1_73' title='bbox 1546 763 1584 794; x_wconf 91' lang='lat' dir='ltr'>te</span> 
     </span>
     <span class='ocr_line' id='line_1_10' title="bbox 249 820 1583 863; baseline -0.004 0"><span class='ocrx_word' id='word_1_74' title='bbox 249 827 371 863; x_wconf 85' lang='lat' dir='ltr'>multa</span> <span class='ocrx_word' id='word_1_75' title='bbox 392 838 552 863; x_wconf 88' lang='lat' dir='ltr'>necesse</span> <span class='ocrx_word' id='word_1_76' title='bbox 573 831 641 862; x_wconf 85' lang='lat' dir='ltr'>est.</span> <span class='ocrx_word' id='word_1_77' title='bbox 703 822 871 861; x_wconf 89' lang='lat' dir='ltr'>Memini</span> <span class='ocrx_word' id='word_1_78' title='bbox 901 822 1043 860; x_wconf 89' lang='lat' dir='ltr'>librum</span> <span class='ocrx_word' id='word_1_79' title='bbox 1071 821 1141 860; x_wconf 90' lang='lat' dir='ltr'>tibi</span> <span class='ocrx_word' id='word_1_80' title='bbox 1168 821 1309 860; x_wconf 83' lang='lat' dir='ltr'>adferri</span> <span class='ocrx_word' id='word_1_81' title='bbox 1335 835 1358 859; x_wconf 83' lang='lat' dir='ltr'>a</span> <span class='ocrx_word' id='word_1_82' title='bbox 1380 820 1583 859; x_wconf 87' lang='lat' dir='ltr'>Demetrio</span> 
     </span>
     <span class='ocr_line' id='line_1_11' title="bbox 250 885 1643 940; baseline -0.003 -12"><span class='ocrx_word' id='word_1_83' title='bbox 250 893 436 939; x_wconf 78' lang='lat' dir='ltr'>Magnete</span> <span class='ocrx_word' id='word_1_84' title='bbox 467 890 517 927; x_wconf 87' lang='lat' dir='ltr'>ad</span> <span class='ocrx_word' id='word_1_85' title='bbox 550 896 588 927; x_wconf 89' lang='lat' dir='ltr'>te</span> <span class='ocrx_word' id='word_1_86' title='bbox 627 888 790 926; x_wconf 88' lang='lat' dir='ltr'>missum</span> <span class='ocrx_word' id='word_1_87' title='bbox 827 886 942 940; x_wconf 89' lang='lat' dir='ltr'>[scio]</span> <span class='ocrx_word' id='word_1_88' title='bbox 981 887 1065 937; x_wconf 84' lang='grc' dir='ltr'>περὶ</span> <span class='ocrx_word' id='word_1_89' title='bbox 1103 888 1283 937; x_wconf 83' lang='grc' dir='ltr'>ὁμονοίας.</span> <span class='ocrx_word' id='word_1_90' title='bbox 1344 889 1447 925; x_wconf 88' lang='lat' dir='ltr'>Eum</span> <span class='ocrx_word' id='word_1_91' title='bbox 1486 885 1582 925; x_wconf 86' lang='lat' dir='ltr'>mihi</span> <span class='ocrx_word' id='word_1_92' title='bbox 1604 898 1643 921; x_wconf 91' lang='lat'>10</span> 
     </span>
     <span class='ocr_line' id='line_1_12' title="bbox 248 952 1265 1004; baseline -0.002 -11"><span class='ocrx_word' id='word_1_93' title='bbox 248 955 364 994; x_wconf 80' lang='lat' dir='ltr'>velim</span> <span class='ocrx_word' id='word_1_94' title='bbox 396 955 535 993; x_wconf 82' lang='lat' dir='ltr'>mittas.</span> <span class='ocrx_word' id='word_1_95' title='bbox 597 954 719 993; x_wconf 84' lang='lat' dir='ltr'>Vides</span> <span class='ocrx_word' id='word_1_96' title='bbox 750 967 869 1004; x_wconf 89' lang='lat' dir='ltr'>quam</span> <span class='ocrx_word' id='word_1_97' title='bbox 899 966 1059 992; x_wconf 84' lang='lat' dir='ltr'>causam</span> <span class='ocrx_word' id='word_1_98' title='bbox 1090 952 1265 992; x_wconf 84' lang='lat' dir='ltr'>mediter.</span> 
     </span>
    </p>
   </div>
   <div class='ocr_carea' id='block_1_3' title="bbox 894 1102 941 1139">
    <p class='ocr_par' dir='ltr' id='par_1_4' title="bbox 894 1102 941 1139">
     <span class='ocr_line' id='line_1_13' title="bbox 894 1102 941 1139; baseline 0 0"><span class='ocrx_word' id='word_1_99' title='bbox 894 1102 941 1139; x_wconf 90' lang='lat' dir='ltr'>A.</span> 
     </span>
    </p>
   </div>
   <div class='ocr_carea' id='block_1_4' title="bbox 373 1205 1455 1326">
    <p class='ocr_par' dir='ltr' id='par_1_5' title="bbox 373 1205 1455 1326">
     <span class='ocr_line' id='line_1_14' title="bbox 567 1205 1255 1246; baseline -0.003 -9"><span class='ocrx_word' id='word_1_100' title='bbox 567 1206 636 1238; x_wconf 77' lang='lat' dir='ltr'>Scr.</span> <span class='ocrx_word' id='word_1_101' title='bbox 655 1206 807 1236; x_wconf 74' lang='lat' dir='ltr'>Luceriae</span> <span class='ocrx_word' id='word_1_102' title='bbox 824 1206 854 1236; x_wconf 81' lang='lat' dir='ltr'>iv</span> <span class='ocrx_word' id='word_1_103' title='bbox 871 1205 919 1236; x_wconf 80' lang='lat' dir='ltr'>Id.</span> <span class='ocrx_word' id='word_1_104' title='bbox 937 1205 1026 1236; x_wconf 69' lang='lat' dir='ltr'>Febr.</span> <span class='ocrx_word' id='word_1_105' title='bbox 1045 1216 1075 1237; x_wconf 80' lang='lat' dir='ltr'>a.</span> <span class='ocrx_word' id='word_1_106' title='bbox 1098 1215 1152 1245; x_wconf 77' lang='lat'>705</span> <span class='ocrx_word' id='word_1_107' title='bbox 1172 1205 1255 1246; x_wconf 73' lang='lat'>(49).</span> 
     </span>
     <span class='ocr_line' id='line_1_15' title="bbox 373 1292 1455 1326; baseline -0.004 0"><span class='ocrx_word' id='word_1_108' title='bbox 373 1295 444 1326; x_wconf 87' lang='lat' dir='ltr'>CN.</span> <span class='ocrx_word' id='word_1_109' title='bbox 467 1294 661 1325; x_wconf 85' lang='lat' dir='ltr'><strong>MAGNVS</strong></span> <span class='ocrx_word' id='word_1_110' title='bbox 687 1295 885 1325; x_wconf 84' lang='lat' dir='ltr'>PROCOS.</span> <span class='ocrx_word' id='word_1_111' title='bbox 911 1295 945 1325; x_wconf 85' lang='lat' dir='ltr'>S.</span> <span class='ocrx_word' id='word_1_112' title='bbox 973 1295 1012 1325; x_wconf 86' lang='lat' dir='ltr'>D.</span> <span class='ocrx_word' id='word_1_113' title='bbox 1040 1294 1084 1324; x_wconf 88' lang='lat' dir='ltr'>M.</span> <span class='ocrx_word' id='word_1_114' title='bbox 1110 1293 1336 1324; x_wconf 82' lang='lat' dir='ltr'>CICERONI</span> <span class='ocrx_word' id='word_1_115' title='bbox 1365 1292 1455 1323; x_wconf 84' lang='lat' dir='ltr'>IMP.</span> 
     </span>
    </p>
   </div>
   <div class='ocr_carea' id='block_1_5' title="bbox 249 1370 1644 1747">
    <p class='ocr_par' dir='ltr' id='par_1_6' title="bbox 249 1370 1644 1747">
     <span class='ocr_line' id='line_1_16' title="bbox 305 1370 1641 1425; baseline -0.004 -12"><span class='ocrx_word' id='word_1_116' title='bbox 305 1378 352 1425; x_wconf 86' lang='lat' dir='ltr'>Q.</span> <span class='ocrx_word' id='word_1_117' title='bbox 379 1374 522 1413; x_wconf 84' lang='lat' dir='ltr'>Fabius</span> <span class='ocrx_word' id='word_1_118' title='bbox 551 1376 602 1412; x_wconf 88' lang='lat' dir='ltr'>ad</span> <span class='ocrx_word' id='word_1_119' title='bbox 633 1388 695 1412; x_wconf 88' lang='lat' dir='ltr'>me</span> <span class='ocrx_word' id='word_1_120' title='bbox 720 1373 825 1411; x_wconf 85' lang='lat' dir='ltr'>venit</span> <span class='ocrx_word' id='word_1_121' title='bbox 854 1387 886 1410; x_wconf 84' lang='lat' dir='ltr'>a.</span> <span class='ocrx_word' id='word_1_122' title='bbox 914 1374 950 1410; x_wconf 91' lang='lat' dir='ltr'>d.</span> <span class='ocrx_word' id='word_1_123' title='bbox 985 1385 1046 1409; x_wconf 92' lang='lat'>1111</span> <span class='ocrx_word' id='word_1_124' title='bbox 1078 1373 1174 1410; x_wconf 86' lang='lat' dir='ltr'>Idus</span> <span class='ocrx_word' id='word_1_125' title='bbox 1196 1372 1306 1409; x_wconf 84' lang='lat' dir='ltr'>Febr.</span> <span class='ocrx_word' id='word_1_126' title='bbox 1369 1373 1407 1408; x_wconf 89' lang='lat' dir='ltr'>Is</span> <span class='ocrx_word' id='word_1_127' title='bbox 1430 1370 1583 1409; x_wconf 87' lang='lat' dir='ltr'>nuntiat</span> <span class='ocrx_word' id='word_1_128' title='bbox 1605 1383 1641 1415; x_wconf 85' lang='grc'>15</span> 
     </span>
     <span class='ocr_line' id='line_1_17' title="bbox 252 1435 1583 1479; baseline -0.004 -1"><span class='ocrx_word' id='word_1_129' title='bbox 252 1443 293 1479; x_wconf 90' lang='lat' dir='ltr'>L.</span> <span class='ocrx_word' id='word_1_130' title='bbox 326 1440 546 1478; x_wconf 86' lang='lat' dir='ltr'>Domitium</span> <span class='ocrx_word' id='word_1_131' title='bbox 581 1453 671 1476; x_wconf 91' lang='lat' dir='ltr'>cum</span> <span class='ocrx_word' id='word_1_132' title='bbox 704 1439 782 1476; x_wconf 83' lang='lat' dir='ltr'>suis</span> <span class='ocrx_word' id='word_1_133' title='bbox 814 1437 1042 1476; x_wconf 80' lang='lat' dir='ltr'>cohortibus</span> <span class='ocrx_word' id='word_1_134' title='bbox 1075 1449 1135 1474; x_wconf 84' lang='lat' dir='ltr'>XII</span> <span class='ocrx_word' id='word_1_135' title='bbox 1166 1444 1204 1475; x_wconf 92' lang='lat' dir='ltr'>et</span> <span class='ocrx_word' id='word_1_136' title='bbox 1234 1450 1324 1474; x_wconf 88' lang='lat' dir='ltr'>cum</span> <span class='ocrx_word' id='word_1_137' title='bbox 1355 1435 1583 1475; x_wconf 87' lang='lat' dir='ltr'>cohortibus</span> 
     </span>
     <span class='ocr_line' id='line_1_18' title="bbox 249 1500 1583 1555; baseline -0.004 -12"><span class='ocrx_word' id='word_1_138' title='bbox 249 1518 343 1543; x_wconf 75' lang='lat' dir='ltr'>xliii</span> <span class='ocrx_word' id='word_1_139' title='bbox 376 1519 472 1555; x_wconf 87' lang='lat' dir='ltr'>quas</span> <span class='ocrx_word' id='word_1_140' title='bbox 502 1504 699 1542; x_wconf 88' lang='lat' dir='ltr'>Vibullius</span> <span class='ocrx_word' id='word_1_141' title='bbox 728 1502 891 1542; x_wconf 79' lang='lat' dir='ltr'>adduxit</span> <span class='ocrx_word' id='word_1_142' title='bbox 919 1504 970 1541; x_wconf 85' lang='lat' dir='ltr'>ad</span> <span class='ocrx_word' id='word_1_143' title='bbox 1001 1516 1063 1540; x_wconf 91' lang='lat' dir='ltr'>me</span> <span class='ocrx_word' id='word_1_144' title='bbox 1093 1502 1164 1540; x_wconf 88' lang='lat' dir='ltr'>iter</span> <span class='ocrx_word' id='word_1_145' title='bbox 1192 1502 1364 1548; x_wconf 79' lang='lat' dir='ltr'>habere3</span> <span class='ocrx_word' id='word_1_146' title='bbox 1399 1500 1583 1539; x_wconf 90' lang='lat' dir='ltr'>habuisse</span> 
     </span>
     <span class='ocr_line' id='line_1_19' title="bbox 250 1565 1583 1618; baseline -0.004 -11"><span class='ocrx_word' id='word_1_147' title='bbox 250 1570 287 1607; x_wconf 91' lang='lat' dir='ltr'>in</span> <span class='ocrx_word' id='word_1_148' title='bbox 310 1570 443 1608; x_wconf 87' lang='lat' dir='ltr'>animo</span> <span class='ocrx_word' id='word_1_149' title='bbox 470 1568 663 1618; x_wconf 85' lang='lat' dir='ltr'>proficisci</span> <span class='ocrx_word' id='word_1_150' title='bbox 694 1568 871 1607; x_wconf 88' lang='lat' dir='ltr'>Corfinio</span> <span class='ocrx_word' id='word_1_151' title='bbox 891 1581 922 1605; x_wconf 84' lang='lat' dir='ltr'>a.</span> <span class='ocrx_word' id='word_1_152' title='bbox 947 1568 982 1605; x_wconf 92' lang='lat' dir='ltr'>d.</span> <span class='ocrx_word' id='word_1_153' title='bbox 1007 1580 1029 1604; x_wconf 93' lang='lat' dir='ltr'>v</span> <span class='ocrx_word' id='word_1_154' title='bbox 1060 1568 1156 1605; x_wconf 91' lang='lat' dir='ltr'>Idus</span> <span class='ocrx_word' id='word_1_155' title='bbox 1181 1567 1321 1613; x_wconf 81' lang='lat' dir='ltr'>Febr.;</span> <span class='ocrx_word' id='word_1_156' title='bbox 1351 1567 1394 1604; x_wconf 91' lang='lat' dir='ltr'>C.</span> <span class='ocrx_word' id='word_1_157' title='bbox 1420 1565 1583 1602; x_wconf 88' lang='lat' dir='ltr'>Hirrum</span> 
     </span>
     <span class='ocr_line' id='line_1_20' title="bbox 250 1629 1582 1682; baseline -0.003 -10"><span class='ocrx_word' id='word_1_158' title='bbox 250 1649 340 1673; x_wconf 89' lang='lat' dir='ltr'>cum</span> <span class='ocrx_word' id='word_1_159' title='bbox 380 1647 405 1671; x_wconf 80' lang='lat' dir='ltr'>v</span> <span class='ocrx_word' id='word_1_160' title='bbox 443 1634 672 1672; x_wconf 87' lang='lat' dir='ltr'>cohortibus</span> <span class='ocrx_word' id='word_1_161' title='bbox 710 1632 907 1682; x_wconf 87' lang='lat' dir='ltr'>subsequi.</span> <span class='ocrx_word' id='word_1_162' title='bbox 968 1633 1124 1671; x_wconf 87' lang='lat' dir='ltr'>Censeo</span> <span class='ocrx_word' id='word_1_163' title='bbox 1168 1632 1220 1670; x_wconf 86' lang='lat' dir='ltr'>ad</span> <span class='ocrx_word' id='word_1_164' title='bbox 1264 1644 1336 1669; x_wconf 91' lang='lat' dir='ltr'>nos</span> <span class='ocrx_word' id='word_1_165' title='bbox 1376 1629 1582 1669; x_wconf 83' lang='lat' dir='ltr'>Luceriam</span> 
     </span>
     <span class='ocr_line' id='line_1_21' title="bbox 249 1697 1644 1747; baseline -0.006 -9"><span class='ocrx_word' id='word_1_166' title='bbox 249 1700 392 1739; x_wconf 85' lang='lat' dir='ltr'>venias.</span> <span class='ocrx_word' id='word_1_167' title='bbox 454 1700 557 1737; x_wconf 87' lang='lat' dir='ltr'>Nam</span> <span class='ocrx_word' id='word_1_168' title='bbox 588 1706 624 1737; x_wconf 89' lang='lat' dir='ltr'>te</span> <span class='ocrx_word' id='word_1_169' title='bbox 655 1698 719 1737; x_wconf 91' lang='lat' dir='ltr'>hic</span> <span class='ocrx_word' id='word_1_170' title='bbox 748 1697 940 1736; x_wconf 87' lang='lat' dir='ltr'>tutissime</span> <span class='ocrx_word' id='word_1_171' title='bbox 969 1705 1065 1747; x_wconf 88' lang='lat' dir='ltr'>puto</span> <span class='ocrx_word' id='word_1_172' title='bbox 1095 1698 1186 1735; x_wconf 85' lang='lat' dir='ltr'>fore.</span> <span class='ocrx_word' id='word_1_173' title='bbox 1604 1709 1644 1731; x_wconf 84' lang='lat'>20</span> 
     </span>
    </p>
   </div>
   <div class='ocr_carea' id='block_1_6' title="bbox 897 1845 939 1882">
    <p class='ocr_par' dir='ltr' id='par_1_7' title="bbox 897 1845 939 1882">
     <span class='ocr_line' id='line_1_22' title="bbox 897 1845 939 1882; baseline 0.024 -1"><span class='ocrx_word' id='word_1_174' title='bbox 897 1845 939 1882; x_wconf 87' lang='lat' dir='ltr'>B.</span> 
     </span>
    </p>
   </div>
   <div class='ocr_carea' id='block_1_7' title="bbox 409 1945 1427 2070">
    <p class='ocr_par' dir='ltr' id='par_1_8' title="bbox 409 1945 1427 2070">
     <span class='ocr_line' id='line_1_23' title="bbox 515 1945 1322 1986; baseline -0.004 -6"><span class='ocrx_word' id='word_1_175' title='bbox 515 1950 583 1980; x_wconf 78' lang='lat' dir='ltr'>Scr.</span> <span class='ocrx_word' id='word_1_176' title='bbox 606 1950 639 1979; x_wconf 76' lang='lat' dir='ltr'>[n</span> <span class='ocrx_word' id='word_1_177' title='bbox 661 1949 843 1979; x_wconf 68' lang='lat' dir='ltr'>Formiano</span> <span class='ocrx_word' id='word_1_178' title='bbox 864 1958 907 1977; x_wconf 79' lang='lat' dir='ltr'>xv</span> <span class='ocrx_word' id='word_1_179' title='bbox 924 1947 966 1978; x_wconf 85' lang='lat' dir='ltr'>K.</span> <span class='ocrx_word' id='word_1_180' title='bbox 987 1945 1087 1978; x_wconf 73' lang='lat' dir='ltr'>Mart.</span> <span class='ocrx_word' id='word_1_181' title='bbox 1109 1958 1139 1977; x_wconf 81' lang='grc' dir='ltr'>η.</span> <span class='ocrx_word' id='word_1_182' title='bbox 1164 1957 1218 1986; x_wconf 75' lang='lat'>705</span> <span class='ocrx_word' id='word_1_183' title='bbox 1238 1947 1322 1985; x_wconf 44' lang='lat'>(495.</span> 
     </span>
     <span class='ocr_line' id='line_1_24' title="bbox 409 2035 1427 2070; baseline -0.003 -1"><span class='ocrx_word' id='word_1_184' title='bbox 409 2040 451 2070; x_wconf 88' lang='lat' dir='ltr'>M.</span> <span class='ocrx_word' id='word_1_185' title='bbox 481 2038 655 2069; x_wconf 84' lang='lat' dir='ltr'>CICERO</span> <span class='ocrx_word' id='word_1_186' title='bbox 684 2037 775 2068; x_wconf 85' lang='grc' dir='ltr'>ΙΜΡ.</span> <span class='ocrx_word' id='word_1_187' title='bbox 803 2036 837 2067; x_wconf 87' lang='lat' dir='ltr'>S.</span> <span class='ocrx_word' id='word_1_188' title='bbox 867 2036 908 2066; x_wconf 88' lang='lat' dir='ltr'>D.</span> <span class='ocrx_word' id='word_1_189' title='bbox 935 2035 1006 2066; x_wconf 91' lang='lat' dir='ltr'>CN.</span> <span class='ocrx_word' id='word_1_190' title='bbox 1033 2035 1201 2065; x_wconf 84' lang='lat' dir='ltr'>MAGNO</span> <span class='ocrx_word' id='word_1_191' title='bbox 1229 2035 1427 2066; x_wconf 82' lang='lat' dir='ltr'>PROCOS.</span> 
     </span>
    </p>
   </div>
   <div class='ocr_carea' id='block_1_8' title="bbox 221 2112 1644 2363">
    <p class='ocr_par' dir='ltr' id='par_1_9' title="bbox 221 2112 1644 2363">
     <span class='ocr_line' id='line_1_25' title="bbox 221 2112 1587 2161; baseline -0.006 -4"><span class='ocrx_word' id='word_1_192' title='bbox 221 2131 236 2156; x_wconf 96' lang='lat'>1</span> <span class='ocrx_word' id='word_1_193' title='bbox 308 2120 353 2157; x_wconf 88' lang='lat' dir='ltr'>A.</span> <span class='ocrx_word' id='word_1_194' title='bbox 387 2119 423 2155; x_wconf 92' lang='lat' dir='ltr'>d.</span> <span class='ocrx_word' id='word_1_195' title='bbox 457 2129 511 2154; x_wconf 86' lang='lat' dir='ltr'>xv</span> <span class='ocrx_word' id='word_1_196' title='bbox 543 2117 712 2153; x_wconf 86' lang='lat' dir='ltr'>Kalend.</span> <span class='ocrx_word' id='word_1_197' title='bbox 747 2114 908 2152; x_wconf 88' lang='lat' dir='ltr'>Martias</span> <span class='ocrx_word' id='word_1_198' title='bbox 942 2113 1106 2150; x_wconf 85' lang='lat' dir='ltr'>Formiis</span> <span class='ocrx_word' id='word_1_199' title='bbox 1135 2112 1269 2161; x_wconf 83' lang='lat' dir='ltr'>accepi</span> <span class='ocrx_word' id='word_1_200' title='bbox 1301 2121 1385 2150; x_wconf 84' lang='lat' dir='ltr'>tuas</span> <span class='ocrx_word' id='word_1_201' title='bbox 1417 2112 1587 2159; x_wconf 85' lang='lat' dir='ltr'>litteras;</span> 
     </span>
     <span class='ocr_line' id='line_1_26' title="bbox 254 2177 1644 2233; baseline -0.006 -12"><span class='ocrx_word' id='word_1_202' title='bbox 254 2198 300 2222; x_wconf 89' lang='lat' dir='ltr'>ex</span> <span class='ocrx_word' id='word_1_203' title='bbox 321 2183 464 2233; x_wconf 82' lang='lat' dir='ltr'>quibus</span> <span class='ocrx_word' id='word_1_204' title='bbox 485 2196 530 2219; x_wconf 90' lang='lat' dir='ltr'>ea</span> <span class='ocrx_word' id='word_1_205' title='bbox 551 2194 651 2231; x_wconf 84' lang='lat' dir='ltr'>quae</span> <span class='ocrx_word' id='word_1_206' title='bbox 679 2180 717 2217; x_wconf 89' lang='lat' dir='ltr'>in</span> <span class='ocrx_word' id='word_1_207' title='bbox 744 2193 836 2229; x_wconf 83' lang='lat' dir='ltr'>agro</span> <span class='ocrx_word' id='word_1_208' title='bbox 858 2178 1004 2216; x_wconf 88' lang='lat' dir='ltr'>Piceno</span> <span class='ocrx_word' id='word_1_209' title='bbox 1031 2185 1138 2227; x_wconf 81' lang='lat' dir='ltr'>gesta</span> <span class='ocrx_word' id='word_1_210' title='bbox 1162 2185 1270 2215; x_wconf 84' lang='lat' dir='ltr'>erant</span> <span class='ocrx_word' id='word_1_211' title='bbox 1294 2177 1460 2227; x_wconf 78' lang='lat' dir='ltr'>cognovi</span> <span class='ocrx_word' id='word_1_212' title='bbox 1481 2191 1586 2215; x_wconf 88' lang='lat' dir='ltr'>com-</span> <span class='ocrx_word' id='word_1_213' title='bbox 1607 2190 1644 2223; x_wconf 87' lang='lat'>²5</span> 
     </span>
     <span class='ocr_line' id='line_1_27' title="bbox 255 2241 1587 2294; baseline -0.006 -8"><span class='ocrx_word' id='word_1_214' title='bbox 255 2248 433 2286; x_wconf 85' lang='lat' dir='ltr'>modiora</span> <span class='ocrx_word' id='word_1_215' title='bbox 467 2260 551 2284; x_wconf 78' lang='lat' dir='ltr'>esse</span> <span class='ocrx_word' id='word_1_216' title='bbox 582 2247 706 2283; x_wconf 85' lang='lat' dir='ltr'>multo</span> <span class='ocrx_word' id='word_1_217' title='bbox 736 2258 853 2294; x_wconf 89' lang='lat' dir='ltr'>quam</span> <span class='ocrx_word' id='word_1_218' title='bbox 883 2252 924 2281; x_wconf 90' lang='lat' dir='ltr'>ut</span> <span class='ocrx_word' id='word_1_219' title='bbox 954 2251 1034 2281; x_wconf 91' lang='lat' dir='ltr'>erat</span> <span class='ocrx_word' id='word_1_220' title='bbox 1061 2242 1175 2280; x_wconf 84' lang='lat' dir='ltr'>nobis</span> <span class='ocrx_word' id='word_1_221' title='bbox 1206 2242 1427 2279; x_wconf 87' lang='lat' dir='ltr'>nuntiatum</span> <span class='ocrx_word' id='word_1_222' title='bbox 1452 2241 1587 2279; x_wconf 91' lang='lat' dir='ltr'>Vibul-</span> 
     </span>
     <span class='ocr_line' id='line_1_28' title="bbox 255 2307 1249 2363; baseline -0.008 -12"><span class='ocrx_word' id='word_1_223' title='bbox 255 2314 360 2363; x_wconf 80' lang='lat' dir='ltr'>lique</span> <span class='ocrx_word' id='word_1_224' title='bbox 380 2313 561 2350; x_wconf 80' lang='lat' dir='ltr'>virtutem</span> <span class='ocrx_word' id='word_1_225' title='bbox 584 2311 894 2359; x_wconf 84' lang='lat' dir='ltr'>industriamque</span> <span class='ocrx_word' id='word_1_226' title='bbox 916 2309 1081 2346; x_wconf 85' lang='lat' dir='ltr'>libenter</span> <span class='ocrx_word' id='word_1_227' title='bbox 1100 2307 1249 2357; x_wconf 75' lang='lat' dir='ltr'>agnovi.</span> 
     </span>
    </p>
   </div>
   <div class='ocr_carea' id='block_1_9' title="bbox 254 2409 1584 2503">
    <p class='ocr_par' dir='ltr' id='par_1_10' title="bbox 254 2409 1584 2503">
     <span class='ocr_line' id='line_1_29' title="bbox 302 2409 1584 2455; baseline -0.007 -7"><span class='ocrx_word' id='word_1_228' title='bbox 302 2429 339 2448; x_wconf 78' lang='lat'>10</span> <span class='ocrx_word' id='word_1_229' title='bbox 364 2418 435 2448; x_wconf 83' lang='lat' dir='ltr'>scio</span> <span class='ocrx_word' id='word_1_230' title='bbox 453 2417 509 2447; x_wconf 75' lang='lat' dir='ltr'>del.</span> <span class='ocrx_word' id='word_1_231' title='bbox 532 2415 719 2455; x_wconf 61' lang='lat' dir='ltr'>llfesenbwg</span> <span class='ocrx_word' id='word_1_232' title='bbox 872 2424 909 2452; x_wconf 85' lang='lat'>14</span> <span class='ocrx_word' id='word_1_233' title='bbox 935 2421 1075 2442; x_wconf 78' lang='lat' dir='ltr'>MAGNVS</span> <span class='ocrx_word' id='word_1_234' title='bbox 1092 2412 1121 2441; x_wconf 94' lang='lat' dir='ltr'><em>Z</em></span> <span class='ocrx_word' id='word_1_235' title='bbox 1139 2414 1174 2440; x_wconf 77' lang='lat' dir='ltr'>ul</span> <span class='ocrx_word' id='word_1_236' title='bbox 1188 2410 1323 2450; x_wconf 68' lang='lat' dir='ltr'>vidctnr,</span> <span class='ocrx_word' id='word_1_237' title='bbox 1343 2410 1459 2440; x_wconf 73' lang='lat' dir='ltr'>codices</span> <span class='ocrx_word' id='word_1_238' title='bbox 1476 2409 1584 2440; x_wconf 67' lang='lat' dir='ltr'>Affala-</span> 
     </span>
     <span class='ocr_line' id='line_1_30' title="bbox 254 2453 1473 2503; baseline -0.007 -11"><span class='ocrx_word' id='word_1_239' title='bbox 254 2463 386 2503; x_wconf 76' lang='lat' dir='ltr'>spinae:</span> <span class='ocrx_word' id='word_1_240' title='bbox 414 2469 583 2490; x_wconf 74' lang='lat' dir='ltr'>POMPElVS</span> <span class='ocrx_word' id='word_1_241' title='bbox 601 2458 641 2488; x_wconf 88' lang='grc' dir='ltr'><em>Μ</em></span> <span class='ocrx_word' id='word_1_242' title='bbox 775 2459 814 2488; x_wconf 85' lang='lat'>16</span> <span class='ocrx_word' id='word_1_243' title='bbox 839 2467 886 2487; x_wconf 85' lang='lat' dir='ltr'>x11</span> <span class='ocrx_word' id='word_1_244' title='bbox 910 2455 1104 2495; x_wconf 73' lang='lat' dir='ltr'>ll&#39;cscnherg,</span> <span class='ocrx_word' id='word_1_245' title='bbox 1125 2454 1161 2494; x_wconf 70' lang='lat' dir='ltr'>«gs</span> <span class='ocrx_word' id='word_1_246' title='bbox 1184 2465 1254 2484; x_wconf 76' lang='lat' dir='ltr'>12A</span> <span class='ocrx_word' id='word_1_247' title='bbox 1269 2465 1281 2484; x_wconf 94' lang='lat'>1</span> <span class='ocrx_word' id='word_1_248' title='bbox 1299 2466 1304 2483; x_wconf 83' lang='lat' dir='ltr'>z</span> <span class='ocrx_word' id='word_1_249' title='bbox 1332 2464 1366 2484; x_wconf 75' lang='lat' dir='ltr'>X1</span> <span class='ocrx_word' id='word_1_250' title='bbox 1384 2453 1473 2484; x_wconf 84' lang='lat' dir='ltr'>codd.</span> 
     </span>
    </p>
   </div>
  </div>
 </body>
</html>
