1773 2651
557 153 669 189 EPP.
703 153 779 189 AD
811 152 1070 191 ATTICVM
1437 154 1505 190 IV.
1523 153 1568 189 ix

158 270 286 312 agant,
329 262 424 313 quid
468 262 650 312 cogitent.
730 265 815 302 Nos
854 263 917 301 hic
960 277 1050 301 cum
1098 263 1289 313 Pompeio
1334 263 1487 301 fuimus.

160 329 289 365 Multa
310 341 466 365 mecum
491 329 541 366 de
566 341 606 366 re
633 327 791 377 publica
817 342 910 366 sane
938 328 1011 366 sibi
1042 328 1264 378 displicen5‚
1289 336 1330 366 ut
1360 329 1492 377 loque-

159 392 273 430 batur
312 392 384 441 (sic
423 400 480 430 est
519 392 625 430 enim
665 392 704 429 in
745 394 820 431 hoc
860 393 1021 431 homine
1061 393 1306 442 dicendum),
1343 393 1490 442 Syriam

160 470 359 506 spernens,
394 456 631 506 Hispaniam
663 457 823 504 iactans,
856 457 919 495 hic
955 471 1124 508 quoque,
1157 466 1199 496 ut
1235 458 1492 507 loquebatur3

121 534 137 564 5
160 529 197 558 et
219 521 359 571 opinor
379 535 504 571 usque
525 535 693 571 quaque,
718 524 768 560 de
790 524 865 560 hoc
887 536 976 560 cum
999 523 1187 569 dicemus,
1213 523 1261 561 sit
1282 524 1358 561 hoc
1382 522 1491 572 quasi

160 587 220 624 καὶ
247 587 329 624 τόδε
353 587 577 625 Φωκυλίδου.
637 587 730 625 Tibi
758 588 875 626 etiam
906 588 1047 638 gratias
1076 589 1217 638 agebat
1247 589 1355 638 quod
1385 588 1494 637 signa

160 653 443 701 componenda
478 652 742 702 suscepisses;
786 652 825 690 in
858 666 930 691 nos
961 667 1052 691 vero
1080 653 1308 691 suavissime
1336 653 1493 690 hercule

160 724 218 754 est
239 717 394 754 effusus.
454 717 574 755 Venit
601 717 719 754 etiarn
747 719 797 755 ad
826 731 888 755 me
914 717 952 755 in
982 719 1207 757 Cumanum
1229 732 1251 756 a
1271 731 1323 756 se.
1384 717 1493 755 Nihil

161 781 290 819 minus
325 783 424 820 velle
464 782 560 819 mihi
592 782 696 819 visus
736 790 793 820 est
829 796 947 832 quam
982 784 1206 821 Messallam
1243 785 1491 821 consulatum

103 863 142 885 10
159 854 302 896 petere.
364 848 426 884 De
447 860 526 896 quo
548 846 633 896 ipso
655 846 685 883 si
707 846 803 896 quid
825 847 899 885 scis
920 847 1036 885 velim
1059 847 1166 886 scire.

215 911 338 959 Quod
363 911 536 949 Lucceio
567 911 702 949 scribis
733 919 771 949 te
801 919 973 949 nostram
1003 911 1166 961 gloriam
1196 913 1491 951 commendatu-
1510 917 1534 944 2

160 989 245 1013 rum
285 983 323 1013 et
361 975 586 1014 aedificium
622 983 798 1013 nostrum
835 977 944 1025 quod
978 977 1115 1015 crebro
1146 976 1290 1023 invisis,
1327 984 1489 1027 gratum.

162 1040 336 1089 Quintus
364 1041 479 1078 frater
504 1041 556 1078 ad
586 1054 649 1078 me
677 1040 829 1090 scripsit
856 1054 907 1086 se,
932 1041 1120 1090 quoniam
1149 1041 1383 1081 Ciceronem
1412 1055 1495 1079 sua-

161 1106 364 1143 vissimum
403 1114 535 1144 tecum
574 1106 749 1152 habereS,
783 1107 834 1144 ad
874 1114 911 1144 te
951 1107 1078 1144 Nonis
1118 1107 1235 1145 Maiis
1274 1114 1491 1145 venturum.

105 1189 141 1220 15
164 1173 249 1220 Ego
280 1184 343 1209 me
372 1172 422 1209 de
453 1172 637 1210 Cumano
668 1170 773 1209 movi
802 1178 894 1208 ante
924 1171 1029 1209 diem
1060 1184 1085 1208 v
1114 1173 1202 1209 Kal.
1237 1171 1374 1209 Maias.
1435 1173 1495 1209 Eo

162 1237 227 1275 die
249 1237 417 1286 Neapoli
438 1238 545 1287 apud
567 1239 742 1275 Paetum.
802 1239 908 1275 Ante
935 1237 1041 1275 diem
1064 1249 1126 1275 1111
1151 1237 1238 1275 Kal.
1264 1236 1391 1275 Maias
1412 1236 1495 1275 iens

163 1301 203 1339 in
226 1301 514 1352 Pompeianum
537 1302 639 1341 bene
660 1316 776 1340 mane
796 1303 894 1340 haec
915 1302 1061 1352 scripsi.

205 1419 248 1454 X
458 1421 526 1454 Ser.
547 1423 579 1453 in
600 1423 753 1454 Cumano
770 1424 805 1454 ix
820 1424 863 1456 K.
884 1424 964 1455 Mai.
985 1434 1013 1454 a.
1033 1425 1096 1465 699
1115 1424 1199 1464 (Π).

576 1506 747 1538 CICERO
770 1507 952 1538 ATTICO
974 1505 1080 1538 SAL.

104 1609 144 1632 20
218 1589 391 1628 Puteolis
423 1602 589 1640 magnus
619 1598 677 1628 est
707 1604 838 1628 rumor
869 1591 1144 1628 Ptolomaeum
1175 1602 1259 1628 esse
1290 1588 1329 1627 in
1360 1602 1490 1639 regno.
1512 1594 1529 1622 1

163 1653 202 1692 Si
232 1654 329 1704 quid
357 1654 480 1693 habes
510 1654 651 1693 certius
677 1655 792 1693 velim
819 1655 926 1693 scire.
988 1657 1073 1704 Ego
1101 1654 1164 1692 hic
1194 1668 1333 1704 pascor
1357 1654 1495 1693 biblio-

163 1721 278 1757 theca
298 1719 442 1757 Fausti.
504 1721 684 1758 Fortasse
712 1728 752 1758 tu
780 1721 947 1769 putabas
976 1720 1036 1757 his
1063 1720 1179 1758 rebus
1205 1719 1430 1758 Puteolanis
1457 1727 1495 1757 et

165 1783 484 1822 Lucrinensibus.
545 1786 607 1822 Ne
635 1784 708 1822 ista
735 1784 897 1834 quidem
925 1786 1078 1823 desunt.
1140 1785 1217 1823 Sed
1248 1798 1311 1822 me
1338 1785 1495 1822 hercule

164 1853 209 1885 nt
225 1861 248 1886 a
268 1848 406 1886 ceteris
434 1849 767 1887 oblectationibus
795 1851 953 1887 deseror
975 1848 1045 1902 [et]
1068 1851 1314 1899 voluptatum
1340 1857 1497 1899 propter

106 1930 144 1962 ²5
164 1927 245 1951 rem
275 1913 486 1964 publicam,
511 1914 566 1952 sic
596 1914 731 1952 litteris
762 1922 958 1952 sustentor
987 1923 1025 1953 et
1056 1928 1208 1953 recreor
1238 1916 1423 1965 maloque
1456 1915 1495 1952 in

164 1979 229 2017 illa
249 1987 315 2017 tua
336 1980 520 2017 sedecula
541 1992 660 2029 quam
677 1979 799 2017 habes
820 1980 893 2018 sub
922 1980 1091 2030 imagine
1113 1980 1333 2018 Aristotelis
1361 1981 1496 2018 sedere

164 2057 283 2093 quam
312 2043 352 2081 in
382 2043 545 2082 istorum
576 2046 670 2082 sella
699 2044 822 2082 curuli
853 2052 1065 2095 tecumque
1095 2047 1201 2095 apud
1228 2053 1266 2083 te
1295 2045 1496 2083 ambulare

164 2122 283 2158 quam
315 2122 405 2147 cum
438 2123 485 2147 eo
515 2122 688 2158 quocum
718 2109 835 2148 video
865 2123 950 2148 esse
979 2110 1277 2148 ambulandum.
1338 2111 1415 2149 Sed
1445 2111 1496 2148 de

209 2223 228 2250 4
254 2212 383 2243 iactans
399 2216 470 2242 vett.
488 2224 494 2242 :
520 2213 649 2243 laetans
668 2212 709 2242 M
769 2214 830 2244 hoc
849 2213 934 2243 Reid
1020 2215 1040 2243 8
1066 2214 1253 2244 Cumanum
1271 2224 1287 2243 a
1308 2224 1352 2245 se.
1404 2213 1494 2243 Nihil

166 2255 261 2287 Man.
277 2267 283 2286 :
309 2256 497 2286 Cumanum
514 2261 547 2286 at
564 2256 589 2286 si
611 2257 693 2286 nihil
711 2256 797 2287 codd.
914 2267 955 2287 22
980 2262 1114 2296 putaras
1138 2256 1327 2297 [Vesenberg
1396 2258 1495 2287 rebus

165 2299 265 2338 codd.‚
285 2299 321 2338 cs.
341 2298 424 2330 Hor.
442 2298 512 2330 Sat.
533 2300 564 2329 ii.
583 2301 612 2329 6.
644 2310 697 2329 111
716 2311 722 2330 ε
748 2300 872 2330 ostreis
894 2299 1032 2330 Vrsinus
1152 2311 1192 2339 24
1217 2305 1253 2330 ut
1277 2300 1352 2332 add.
1377 2300 1496 2330 Rosius

166 2347 199 2372 et
224 2353 288 2373 om.
318 2341 447 2381 Rosius,
469 2343 548 2380 fort.
578 2353 616 2371 cx
636 2348 741 2382 praec.
768 2348 802 2373 ut
827 2348 936 2373 otium
969 2347 1013 2373 est
1200 2344 1354 2383 propterl
1389 2355 1493 2383 prope

166 2386 279 2415 taedet
297 2383 473 2416 Lehmann
494 2387 623 2426 <taedet
641 2386 708 2416 sam
726 2386 867 2427 Kayser)
1001 2397 1040 2426 25
1066 2386 1128 2427 sic]
1150 2387 1215 2417 Hic
1232 2388 1309 2418 coni.
1332 2387 1455 2418 *Mz‘iller
