1773 2651
596 141 706 177 EPP.
740 140 817 176 AD
847 139 1107 177 ATTICVM
1477 137 1522 173 V.
1543 135 1587 171 xi

177 265 273 298 mea,
298 259 382 289 tum
403 251 586 290 videlicet
616 252 727 289 datas
758 265 847 289 cum
870 264 943 300 ego
971 264 1034 288 me
1064 262 1145 287 non
1176 249 1277 287 belle
1308 249 1505 286 haberem.

176 318 280 355 Nam
298 317 404 355 illam
426 320 675 367 *svofiavapiaw*
697 329 759 354 me
776 315 1069 354 excusationem
1088 327 1137 352 ne
1153 313 1361 364 acceperis.
1405 313 1510 351 Cura

175 388 217 419 ut
238 381 373 420 omnia
392 381 512 420 sciam
534 382 604 420 sed
627 380 795 419 maxime
817 388 859 418 ut
880 381 1020 418 valeas.

218 497 310 532 XII
400 501 468 533 Ser.
487 502 520 531 in
540 500 645 532 medio
663 502 752 531 mari
767 500 850 532 med.
871 511 914 531 m.
937 499 1050 539 Quint.
1069 510 1099 530 α.
1122 509 1176 539 703
1194 498 1280 540 (51).

138 569 156 600 5
599 571 774 602 CICERO
799 570 968 601 ATTICO
996 570 1094 602 SAL.

230 643 444 693 Negotium
466 657 653 694 magnum
675 651 732 682 est
754 643 934 693 navigare
958 651 1077 693 atque
1107 642 1147 681 id
1169 654 1305 680 mense
1327 639 1505 689 Quintili.
1528 648 1545 674 1

176 709 293 746 Sexto
323 708 387 746 die
419 710 565 747 Delum
597 708 765 746 Athenis
795 708 986 746 venimus.
1058 709 1117 745 Pr.
1152 708 1290 745 Nonas
1321 705 1508 754 Quintilis

174 786 197 810 a
219 773 356 811 Piraeo
382 775 432 812 ad
460 775 620 812 Zostera
649 781 768 812 vento
798 775 977 820 molesto,
1007 772 1074 822 qui
1102 785 1174 811 nos
1202 771 1350 810 ibidem
1382 770 1509 808 Nonis

176 838 312 876 tenuit.
371 840 478 877 Ante
510 850 585 876 v111
630 840 726 877 Idus
764 839 815 877 ad
851 839 935 877 Ceo
969 838 1167 884 iucunde3
1207 836 1301 874 inde
1336 837 1509 885 Gyarum

118 916 157 939 10
176 915 293 940 saevo
320 910 439 941 vento
467 916 548 941 non
575 904 741 942 adverso
757 918 766 950 3
800 902 892 941 hinc
921 904 1070 952 Syrum,
1099 902 1192 940 inde
1223 903 1380 948 Delum,
1409 908 1510 939 utro-

175 980 253 1017 que
273 967 388 1005 citius
409 981 529 1017 quam
550 969 750 1014 vellemus,
775 981 933 1006 cursum
961 967 1215 1006 confecimus.
1276 968 1380 1004 Nam
1405 965 1509 1004 nosti

174 1033 361 1082 aphracta
410 1033 660 1072 Rhodiorum
676 1048 686 1081 ;
732 1032 830 1071 nihil
876 1034 984 1083 quod
1025 1033 1154 1070 minus
1199 1033 1363 1070 fluctum
1412 1032 1509 1069 ferre

174 1097 307 1147 possit.
369 1099 510 1148 Itaque
541 1106 621 1136 erat
651 1098 691 1135 in
721 1097 855 1135 animo
886 1096 983 1134 nihil
1014 1096 1197 1134 festinare
1222 1108 1296 1133 nec
1322 1108 1384 1132 me
1408 1095 1510 1131 Delo

175 1175 332 1200 movere
352 1162 427 1200 nisi
448 1162 582 1200 omnia
603 1163 695 1212 ἄκρα
716 1162 860 1212 Γυρέων
880 1174 977 1210 pura
997 1160 1193 1198 vidissem.

117 1240 153 1271 15
229 1229 291 1266 De
318 1229 505 1266 Messalla
524 1229 574 1266 ad
596 1235 634 1266 te
654 1227 786 1266 statim
807 1235 849 1265 ut
869 1226 1002 1265 audivi
1023 1227 1073 1264 de
1096 1227 1225 1275 Gyaro
1246 1225 1340 1263 dedi
1361 1225 1507 1263 litteras
1527 1234 1551 1260 2

173 1299 211 1330 et
240 1292 281 1330 id
311 1292 440 1342 ipsum
470 1292 679 1331 consilium
710 1300 888 1331 nostrum
918 1291 1035 1330 etiam
1066 1292 1117 1329 ad
1146 1290 1406 1328 Hortensium
1445 1290 1508 1328 cui

174 1356 336 1406 quidem
376 1358 490 1396 Valde
530 1359 774 1410 συνηγωνίων.
835 1358 914 1395 Sed
949 1364 1034 1394 tuas
1069 1357 1119 1394 de
1154 1355 1237 1393 eius
1276 1355 1395 1393 iudici
1435 1369 1509 1393 ser-

174 1422 359 1460 monibus
384 1430 422 1460 et
450 1435 513 1460 me
539 1424 697 1461 hercule
722 1421 831 1461 omni
857 1422 907 1459 de
937 1420 990 1458 rei
1019 1419 1202 1470 publicae
1232 1427 1333 1458 statu
1364 1419 1509 1458 litteras

173 1494 359 1536 exspecto
378 1489 663 1538 πολιτικώτερον
683 1487 845 1537 quidem
873 1485 1047 1535 scriptas,
1070 1484 1259 1535 quoniam
1287 1498 1395 1523 meos
1417 1498 1508 1523 cum

115 1567 155 1589 20
174 1553 429 1592 Thallumeto
467 1561 603 1592 nostro
641 1554 864 1603 pervolutas
903 1551 1036 1598 libros,
1071 1550 1154 1588 eius
1198 1549 1307 1588 modi
1346 1549 1508 1599 inquam

174 1616 318 1656 litteras
343 1632 390 1656 ex
410 1618 554 1668 quibus
580 1631 653 1668 ego
680 1631 761 1656 non
789 1616 885 1667 quid
915 1617 982 1654 fiat
1007 1616 1116 1666 (nam
1143 1614 1184 1653 id
1208 1615 1268 1653 vel
1296 1614 1509 1662 Helonius,

172 1682 229 1720 vir
247 1683 511 1733 gravissimus,
527 1691 657 1733 potest
677 1684 844 1730 efficere,
859 1681 982 1721 cliens
1003 1680 1109 1731 tuus)
1132 1680 1201 1719 sed
1217 1679 1313 1730 quid
1335 1681 1507 1718 futurum

172 1747 220 1786 sit
240 1748 374 1786 sciam.

227 1814 331 1852 Cum
352 1815 450 1852 haec
471 1815 589 1864 leges,
610 1813 846 1852 habebimus
867 1813 1059 1851 consules.
1121 1810 1266 1850 Omnia
1286 1810 1506 1861 perspicere

114 1893 152 1925 25
172 1878 317 1927 poteris
344 1879 395 1917 de
423 1880 605 1926 Caesare,
625 1881 676 1917 de
702 1878 907 1928 Pompeio,
928 1879 978 1915 de
1008 1876 1101 1926 ipsis
1130 1875 1294 1914 iudiciis.
1360 1876 1505 1913 Nostra
1523 1884 1548 1921 3

171 1950 304 1982 autem
343 1944 513 1995 negotia,
547 1944 736 1995 quoniam
777 1945 932 1982 Romae
969 1940 1237 1988 commoraris,
1270 1941 1414 1978 amabo
1452 1948 1504 1988 te,

219 2057 232 2076 1
259 2047 354 2077 datas
388 2046 427 2076 M
456 2047 493 2086 cf.
520 2047 589 2077 xiii.
617 2056 646 2084 5.
681 2057 721 2077 1:
755 2047 854 2076 datae
881 2051 959 2076 sunt
984 2044 1116 2074 Ernesti
1289 2053 1308 2072 2
1333 2043 1506 2083 νομαρχίας

172 2089 317 2120 Sclu'itz:
343 2089 474 2127 νομαίαν
491 2089 605 2130 ἀργίας
630 2091 707 2121 coni.
732 2089 870 2128 Tyrrcll:
897 2089 955 2118 alii
969 2089 1036 2118 alia
1164 2098 1185 2126 9
1208 2088 1250 2117 ad
1269 2086 1361 2117 Man.
1377 2098 1382 2117 ς
1408 2087 1451 2116 ab
1468 2085 1510 2115 M

172 2133 244 2163 Ceo
261 2132 318 2163 M:
345 2134 451 2164 Ceum
477 2134 593 2163 codices
617 2132 824 2172 Malaspinae
950 2142 984 2162 11
1015 2131 1100 2161 Nam
1133 2130 1342 2170 lmsenbmg:
1376 2130 1440 2159 iam
1467 2129 1510 2159 M

176 2186 213 2214 13
231 2177 393 2206 festinare
407 2177 493 2207 Delo
511 2187 572 2207 nec
591 2187 643 2206 me
660 2187 795 2206 movere
813 2175 900 2206 codd.
925 2187 930 2206 :
947 2175 1148 2214 transposuit
1159 2174 1276 2203 Lamb.
1371 2183 1408 2212 14
1425 2173 1507 2212 ἄκρα

172 2219 292 2259 Γυρέων
304 2230 388 2258 pura
400 2220 438 2251 L.
450 2219 493 2249 M
493 2220 580 2259 z'c'ller,
595 2219 661 2250 soll.
674 2219 999 2258 Arcln'locln‘Fragm.
1012 2228 1052 2256 54
1067 2217 1506 2257 (Bergk32AKPAT1-1PEON

172 2263 244 2292 iura
262 2263 322 2293 M:
346 2263 549 2302 ἀκρωτηρίων
567 2263 655 2302 οὔρια
671 2263 762 2302 vulg.
780 2274 787 2292 t
818 2262 997 2301 ἀκρωτήρια
1013 2260 1103 2299 οὔρια
1119 2259 1267 2291 Schiche:
1293 2259 1393 2299 ἀκραῆ
1415 2258 1507 2299 οὖρον

178 2305 346 2336 Turnebus
492 2316 529 2345 15
555 2306 611 2338 adl
631 2316 650 2336 a
673 2305 794 2345 Tyri-cll
924 2315 963 2334 22
989 2304 1206 2343 gravissimus
1226 2303 1268 2333 C:
1295 2304 1507 2342 gratissimus

172 2348 232 2421 ΞΡ
270 2350 491 2387 gnarissimus
521 2348 644 2390 Stangl
836 2360 875 2389 24
917 2348 1113 2379 habebimus
1141 2350 1212 2378 velt.
1229 2358 1235 2377 z
1276 2347 1437 2377 habemus
1468 2346 1510 2377 M

205 2392 349 2423 ehmcmn
