1773 2651
197 198 313 234 VIII.
331 197 408 232 xiv
662 197 717 233 M.
749 196 918 233 TVLLI
949 195 1257 234 CICERONIS

291 312 301 328 ‘'
320 308 427 357 Quid
455 308 568 358 igitur
589 307 743 358 proficis
772 307 836 357 qui
863 307 1052 357 anticipes
1074 306 1157 345 eius
1183 306 1237 345 rei
1265 307 1485 346 molestiam
1505 322 1623 358 quam

292 374 421 412 triduo
450 374 615 411 sciturus
648 373 751 411 sis?'
809 373 919 410 Nihil
950 372 1164 422 equidem3
1193 373 1276 419 sed,
1308 380 1351 410 ut
1382 386 1498 422 supra
1531 372 1624 421 dixi,

292 446 425 477 tecum
453 439 691 488 perlibenter
715 439 870 487 loquor,
891 445 928 475 et
955 437 1071 475 simul
1101 437 1200 475 scito
1226 437 1358 475 labare
1378 451 1511 475 meum
1532 451 1624 475 con-

292 503 421 541 silium
454 503 551 541 illud
583 504 691 553 quod
726 503 817 540 satis
850 503 927 540 iam
965 503 1085 540 fixum
1117 502 1333 541 videbatur.
1393 503 1487 540 Non
1526 501 1622 539 mihi

292 569 384 606 satis
424 568 556 606 idonei
596 575 686 605 sunt
717 576 895 605 auctores
927 567 953 605 ii
987 567 1054 617 qui
1085 581 1108 605 a
1138 575 1176 605 te
1215 568 1440 617 probantur.
1500 568 1621 616 Quod
1642 580 1658 612 5

292 633 397 672 enim
428 647 618 682 umquam
648 646 783 671 eorum
814 632 854 670 in
883 646 923 671 re
952 632 1110 681 publica
1142 634 1240 671 forte
1273 634 1420 670 factum
1451 631 1623 670 exstitit?

291 706 357 736 aut
388 698 474 748 quis
504 699 553 736 ab
584 698 629 735 iis
659 699 777 735 ullam
808 711 889 736 rem
918 699 1034 736 laude
1065 697 1224 747 dignam
1255 697 1482 736 desiderat?
1538 699 1623 735 Nec

293 778 356 802 me
377 765 534 801 hercule
559 763 778 801 laudandos
800 762 979 801 existimo
1000 762 1067 812 qui
1089 770 1192 800 trans
1222 776 1328 800 mare
1348 763 1439 801 belli
1461 762 1623 812 parandi

293 843 410 867 causa
437 828 600 878 profecti
625 835 1013 878 sunt—quamquam
1037 829 1135 866 haec
1165 829 1325 866 ferenda
1345 841 1426 865 non
1447 835 1620 875 erant——‚

292 893 408 932 video
430 893 535 931 enim
557 901 748 943 quantum
769 892 809 930 id
831 893 978 931 bellum
999 900 1037 930 et
1058 906 1177 942 quarn
1202 892 1428 942 pestiferum
1449 893 1622 930 futurum
1646 906 1683 928 10

291 959 365 1005 sit3
404 960 473 997 sed
508 972 570 996 me
606 965 737 996 movet
772 972 872 995 unus
907 957 962 994 vir
997 957 1108 995 cuius
1143 957 1325 1007 fugientis
1365 970 1511 1004 comes,
1541 971 1622 995 rem

292 1024 492 1074 publicam
532 1023 781 1073 reciperantis
821 1023 949 1061 socius
988 1022 1124 1060 videor
1172 1036 1257 1060 esse
1296 1022 1450 1060 debere.
1522 1024 1623 1060 ‘To-

292 1089 445 1128 tiensne
476 1089 590 1139 igitur
620 1088 855 1127 sententiam
889 1090 1072 1126 mutas?'
1143 1090 1227 1138 Ego
1258 1096 1389 1125 tecum
1421 1095 1623 1137 tamquam

293 1169 449 1194 mecum
471 1157 619 1204 loquor.
682 1154 781 1202 Quis
811 1161 943 1192 autem
973 1161 1031 1191 est
1061 1161 1170 1192 tanta
1199 1153 1360 1203 quidem
1388 1154 1438 1190 de
1461 1166 1501 1191 re
1528 1151 1623 1202 quin

292 1223 396 1260 varie
427 1236 560 1260 secum
591 1221 674 1271 ipse
704 1220 907 1271 disputet?
936 1220 1051 1258 simul
1083 1228 1121 1258 et
1156 1220 1295 1259 elicere
1325 1219 1442 1268 cupio
1473 1226 1624 1256 senten·
1647 1228 1683 1260 15

294 1288 388 1326 tiam
410 1296 528 1333 tuam,
559 1287 591 1324 si
619 1294 765 1333 manet,
784 1293 826 1324 ut
856 1285 1002 1323 firmior
1032 1285 1118 1332 sim,
1149 1284 1181 1323 si
1210 1291 1360 1322 mutata
1387 1291 1458 1323 est.
1485 1290 1526 1320 ut
1554 1283 1623 1321 tibi

252 1363 276 1401 3
293 1353 499 1392 adsentiar.
560 1351 737 1390 Omnino
763 1353 814 1390 ad
841 1350 881 1389 id
908 1352 958 1389 de
985 1364 1065 1400 quo
1095 1349 1234 1388 dubito
1255 1348 1423 1398 pertinet
1443 1362 1506 1386 rne
1526 1348 1623 1387 scire

293 1419 389 1469 quid
413 1418 611 1456 Domitius
631 1425 787 1455 acturus
809 1417 866 1463 sit,
890 1415 986 1465 quid
1007 1423 1139 1453 noster
1160 1416 1361 1453 Lentulus.

350 1487 410 1522 De
444 1483 621 1521 Domitio
652 1482 756 1520 varia
789 1481 971 1520 audimus
1006 1483 1152 1520 †modo
1186 1494 1270 1519 esse
1302 1480 1341 1517 in
1369 1479 1523 1517 Tiburti
1556 1486 1623 1516 aut

291 1548 411 1598 lepidi
443 1562 523 1598 quo
554 1561 645 1586 curn
679 1547 833 1597 lepidus
860 1546 1072 1584 accessisse
1102 1546 1153 1584 ad
1180 1546 1354 1592 urbem†,
1391 1546 1499 1594 quod
1528 1543 1622 1582 item
1644 1555 1684 1578 20

292 1615 431 1652 falsum
453 1613 568 1652 video
590 1626 684 1651 esse.
744 1612 811 1650 Ait
832 1611 938 1650 enim
953 1611 1130 1661 Lepidus
1151 1624 1242 1648 eum
1263 1609 1398 1648 nescio
1415 1623 1494 1659 quo
1507 1622 1623 1659 pene-

291 1687 411 1717 trasse
432 1678 634 1716 itineribus
657 1676 931 1719 †occultandi†
953 1676 1013 1714 sui
1033 1689 1150 1714 causa
1170 1689 1221 1713 an
1242 1674 1358 1713 maris
1378 1673 1623 1724 adipiscendi

292 1758 341 1782 ne
362 1744 393 1782 is
414 1743 576 1793 quidem
598 1743 678 1781 scit.
741 1744 899 1793 Ignorat
921 1741 1037 1780 etiarn
1059 1743 1109 1780 de
1130 1741 1220 1779 filio.
1268 1739 1392 1779 Addit
1412 1740 1509 1777 illud
1529 1752 1623 1777 sane

293 1811 516 1856 molestum,
536 1807 745 1858 pecuniam
778 1807 956 1846 Domitio
986 1807 1078 1845 satis
1107 1807 1296 1857 grandem
1327 1819 1445 1855 quam
1474 1804 1505 1842 is
1529 1805 1623 1843 Cor-

341 1923 442 1952 19—21
470 1914 568 1943 modo
587 1938 593 1944 .
612 1939 618 1944 .
638 1938 644 1944 .
662 1914 761 1943 video
780 1913 874 1954 esse]
893 1913 1000 1943 Locus
1017 1912 1199 1942 lacmzosus.
1250 1910 1386 1950 Propter
1400 1909 1479 1940 item
1499 1907 1627 1938 videtur

293 1957 440 1988 clausula
456 1958 576 1997 perisse
592 1967 674 1996 qumv
694 1957 846 1996 primum
863 1957 996 1995 falsum
1024 1956 1182 1986 nuntium
1207 1955 1359 1994 exposuit,
1382 1958 1417 1983 ut
1437 1952 1625 1991 lVescnbetg

295 2001 494 2039 monstmvft,
515 2001 600 2031 velut
616 2001 715 2031 modo
733 2001 773 2030 ad
794 2000 991 2040 Pompeium
1012 2000 1184 2037 festinare,
1204 1999 1293 2037 quod
1316 1998 1434 2027 salsum
1452 2001 1514 2027 est.
1561 1995 1622 2024 Re-

293 2046 383 2084 liqua
411 2044 633 2075 infestissima.
686 2044 874 2084 chsenberg
904 2044 1013 2073 conicit
1040 2044 1141 2073 modo
1169 2053 1245 2072 esse
1273 2042 1306 2071 in
1329 2040 1459 2071 Tiburti
1486 2038 1538 2069 Μ’.
1561 2038 1627 2077 (vel

293 2089 484 2118 Tiburtino
506 2088 635 2127 Lepidi,
655 2098 722 2127 quo
746 2098 821 2117 cum
842 2088 979 2126 Lepidis
1000 2087 1058 2116 (ita
1074 2087 1207 2120 Iunius)
1225 2085 1424 2116 accessisset
1442 2084 1501 2123 (ita
1518 2082 1619 2112 Rom.

294 2131 329 2171 I)
348 2132 388 2162 ad
407 2132 546 2161 urbem:
573 2131 653 2170 fort.
675 2141 817 2170 quocum
846 2131 994 2170 Lepidus
1019 2130 1218 2160 accessisset
1242 2129 1283 2159 ad
1310 2128 1435 2158 urbem.
1486 2125 1626 2165 Madvig

295 2175 454 2205 audacias
466 2176 565 2205 modo
581 2185 655 2205 esse
670 2175 703 2204 in
718 2175 845 2204 Tiburti
861 2175 989 2213 Lepidi,
1008 2174 1096 2203 haud
1114 2173 1237 2212 lepide,
1254 2172 1362 2209 modo⁷
1378 2180 1452 2201 cum
1464 2169 1620 2208 lepidius,

295 2219 479 2249 accessisse
493 2219 534 2248 ad
549 2219 676 2249 urbem.
725 2217 793 2247 Sed
800 2218 908 2247 dubito
921 2228 1003 2247 nunt
1017 2217 1120 2247 Cicero
1133 2217 1193 2246 tali
1205 2216 1270 2245 ioco
1283 2215 1334 2244 ln'c
1343 2213 1474 2253 quidem
1487 2212 1625 2241 minime

296 2262 497 2292 ludibundus
514 2273 596 2292 usus
612 2263 661 2297 sit,
682 2261 740 2292 elsi
754 2262 838 2291 alias
854 2266 946 2296 saepe
963 2261 1063 2299 (velut
1078 2260 1123 2291 vi.
1145 2270 1170 2289 1.
1187 2260 1242 2298 25)
1261 2259 1295 2288 in
1312 2257 1413 2288 verbis
1430 2256 1579 2295 Lepidus
1595 2257 1624 2284 et

296 2306 440 2345 lepidus,
457 2316 531 2335 cum
556 2306 668 2335 (mimo
693 2309 760 2335 erat
783 2305 942 2343 solutiore,
960 2304 1078 2342 festive
1092 2313 1124 2332 se
1147 2303 1216 2343 agit
1348 2311 1388 2330 22
1413 2298 1620 2338 occultandi]

296 2350 446 2382 occultisv
460 2350 648 2379 occultandi
667 2349 744 2379 coni⁴
763 2349 900 2378 Lamb.:
925 2348 1066 2378 occultis
1084 2346 1274 2385 explicandi
1294 2344 1416 2374 Mz'iller
1431 2343 1497 2373 coll.
1516 2352 1553 2371 12
1566 2351 1589 2371 A
1603 2351 1622 2378 3

297 2393 507 2431 adipiscendi
531 2393 634 2432 vulg:
665 2392 839 2432 apiscendi
859 2391 906 2430 M,
921 2391 1040 2429 forma
1066 2391 1120 2421 vix
1139 2389 1232 2430 apud
1253 2388 1432 2419 Ciceronem
1458 2383 1624 2416 toleranda

298 2446 339 2475 23
361 2437 388 2466 is
406 2435 565 2476 Aladvtg:
592 2437 623 2466 id
642 2436 731 2466 codd.
