1732 2661
176 168 205 205 I.

172 289 195 324 3

176 1199 192 1225 1

163 1784 187 1811 2

162 2238 186 2275 3

225 168 270 204 iv
586 170 640 206 M.
672 170 841 206 TVLLI
874 168 1178 207 CICERONIS

271 280 391 327 Quod
412 281 461 318 ad
485 293 547 318 me
568 281 618 318 de
642 281 915 318 Hermathena
936 279 1081 325 scribis,
1099 293 1166 329 per
1183 278 1277 316 mihi
1299 285 1450 327 gratum
1472 284 1540 316 est.

217 345 286 381 Est
325 352 600 383 ornamentum
644 344 885 382 Academiae
935 344 1134 394 proprium
1187 357 1307 389 meae,
1353 343 1461 392 quod
1506 350 1544 380 et

216 409 386 447 Hermes
418 423 631 447 commune
670 409 849 447 omnium
888 418 926 448 et
962 409 1141 448 Minerva
1173 409 1366 458 singulare
1398 415 1455 446 est
1490 407 1545 445 in-

214 473 322 522 signe
336 473 419 512 eius
432 474 619 523 gymnasi.
681 476 771 522 Qua
792 488 831 512 re
852 474 978 521 velim,
999 482 1040 512 ut
1062 474 1212 521 scribis,
1229 473 1366 512 ceteris
1384 486 1542 522 quoque

214 538 329 576 rebus
357 552 475 588 quam
504 539 680 589 plurimis
710 553 800 578 eum
829 541 960 577 locum
992 553 1115 578 ornes.
1178 540 1291 587 Quae
1313 537 1408 575 mihi
1429 545 1545 575 antea

213 603 323 652 signa
350 603 498 649 misisti,
522 618 568 642 ea
598 605 777 643 nondum
807 604 911 647 vidi;
941 604 981 642 in
1012 604 1222 642 Formiano
1244 611 1344 650 sunt,
1370 616 1449 652 quo
1471 616 1543 652 ego

213 682 318 706 nunc
361 668 556 718 proficisci
595 669 827 719 cogitabam.
908 671 981 707 Illa
1020 669 1154 707 omnia
1192 669 1231 706 in
1272 669 1543 706 Tusculanum

212 734 442 783 deportabo.
503 734 692 781 Caietam,
717 734 747 772 si
769 736 930 785 quando
952 728 1153 773 abundare
1176 748 1354 784 coepero,
1379 733 1539 772 ornabo.

213 798 352 837 Libros
374 807 461 837 tuos
483 813 671 838 conserva
692 808 729 838 et
751 800 830 838 noli
858 801 1066 850 desperare
1096 813 1163 838 eos
1194 813 1250 837 me
1276 813 1385 838 meos
1415 800 1541 837 facere

211 877 336 913 posse.
399 866 520 913 Quod
552 865 581 902 si
613 866 820 915 adsequor,
858 879 1000 915 supero
1036 866 1221 905 Crassum
1249 864 1393 903 divitiis
1422 872 1541 915 atque

211 929 389 967 omnium
411 930 517 968 vicos
539 939 575 969 et
597 939 706 981 prata
726 939 951 969 contemno.

255 1041 295 1073 V
571 1043 641 1074 Ser.
663 1043 792 1074 Romae
807 1044 898 1074 initio
914 1045 998 1074 anni
1012 1046 1074 1083 687
1093 1046 1176 1084 (67N.

627 1116 802 1146 CICERO
828 1115 1000 1147 ATTICO
1027 1117 1124 1148 SAL.

264 1187 468 1235 Quantum
484 1188 660 1226 dolorem
675 1188 894 1238 acceperim
912 1197 949 1226 et
970 1197 1119 1238 quanto
1140 1190 1266 1228 fructu
1284 1189 1355 1227 sirn
1370 1189 1540 1240 privatus

209 1259 246 1290 et
273 1252 416 1290 forensi
447 1261 484 1291 et
514 1253 735 1292 domestico
758 1253 854 1292 Luci
885 1254 1008 1292 fratris
1039 1254 1160 1292 nostri
1191 1263 1315 1293 morte
1346 1255 1385 1292 in
1407 1255 1540 1305 primis

208 1330 278 1365 pro
313 1324 445 1355 nostra
476 1318 764 1356 consuetudine
796 1326 837 1356 tu
872 1318 1091 1358 existimare
1121 1328 1243 1370 potes.
1305 1322 1408 1358 Nam
1444 1320 1540 1358 mihi

208 1381 341 1419 omnia
380 1395 480 1432 quae
520 1382 693 1421 iucunda
727 1397 773 1421 ex
813 1383 1056 1422 humanitate
1091 1384 1248 1423 alterius
1288 1392 1325 1423 et
1365 1385 1540 1423 moribus

208 1446 359 1484 homini
388 1447 567 1486 accidere
594 1455 758 1498 possunt
791 1462 837 1487 ex
867 1448 933 1486 illo
962 1449 1207 1488 accidebant.
1269 1451 1359 1499 Qua
1389 1464 1428 1488 re
1458 1464 1538 1488 non

208 1511 348 1550 dubito
369 1512 464 1562 quin
487 1513 556 1551 tibi
578 1527 737 1563 quoque
759 1513 798 1552 id
816 1515 1026 1552 molestum
1048 1514 1107 1561 sit,
1126 1528 1216 1553 cum
1238 1522 1275 1553 et
1292 1529 1381 1554 meo
1402 1516 1538 1554 dolore

208 1590 388 1615 moveare
410 1585 446 1615 et
468 1578 550 1627 ipse
572 1578 680 1616 omni
696 1578 836 1617 virtute
859 1579 1067 1629 officioque
1089 1579 1380 1618 ornatissimum
1402 1580 1538 1630 tuique
1561 1597 1574 1617 2

207 1650 245 1680 et
266 1656 334 1680 sua
356 1650 496 1692 sponte
513 1650 550 1681 et
573 1657 662 1682 meo
679 1657 859 1682 sermone
875 1652 1074 1682 amantem
1097 1645 1269 1683 adfinem
1286 1645 1538 1695 amicumque

206 1707 391 1745 amiseris.

262 1773 383 1820 Quod
413 1774 463 1811 ad
492 1787 554 1812 me
587 1774 722 1812 scribis
755 1776 805 1813 de
841 1789 973 1815 sorore
1001 1784 1077 1823 tua,
1113 1776 1221 1815 testis
1253 1776 1322 1815 erit
1355 1776 1423 1815 tibi
1454 1776 1538 1826 ipsa

206 1845 376 1886 quantae
401 1838 496 1875 mihi
528 1852 641 1877 curae
672 1840 784 1878 fuerit
816 1848 856 1878 ut
879 1840 1018 1889 Quinti
1049 1841 1172 1879 fratris
1201 1841 1355 1880 animus
1380 1841 1419 1878 in
1449 1855 1535 1879 eam

205 1911 307 1941 esset
341 1903 372 1941 is
412 1904 478 1953 qui
510 1918 595 1943 esse
627 1906 798 1944 deberet.
871 1908 1002 1955 Quem
1037 1921 1127 1945 curn
1163 1921 1247 1946 esse
1286 1906 1534 1945 offensiorem
1558 1921 1570 1941 2

204 1968 417 2016 arbitrarer,
441 1984 505 2008 eas
534 1971 678 2009 litteras
704 1973 755 2010 ad
785 1986 875 2011 eum
908 1973 995 2010 misi
1025 1973 1169 2022 quibus
1201 1981 1238 2011 et
1269 1974 1464 2022 placarem
1494 1979 1536 2009 ut

205 2034 359 2072 fratrem
382 2042 419 2072 et
441 2049 642 2074 monerem
664 2045 706 2074 ut
728 2037 919 2075 minorem
942 2045 979 2075 et
1000 2037 1245 2086 obiurgarem
1267 2045 1309 2075 ut
1329 2044 1532 2075 errantem.

207 2099 346 2148 Itaque
367 2113 413 2137 ex
434 2099 479 2137 iis
504 2113 605 2149 quae
632 2109 769 2150 postea
797 2115 914 2152 saepe
942 2102 993 2140 ab
1023 2115 1071 2140 eo
1100 2103 1150 2140 ad
1181 2115 1243 2140 me
1273 2101 1415 2150 scripta
1444 2108 1534 2139 sunt

205 2164 365 2202 confido
385 2163 438 2202 ita
459 2178 544 2203 esse
565 2165 699 2203 omnia
720 2174 762 2204 ut
783 2174 821 2204 et
842 2174 1021 2216 oporteat
1042 2174 1079 2205 et
1100 2167 1274 2205 velimus.

261 2230 321 2266 De
343 2228 555 2267 litterarum
578 2230 765 2269 missione
786 2231 870 2269 sine
890 2245 1007 2270 causa
1026 2232 1097 2269 abs
1121 2239 1159 2270 te
1179 2245 1350 2269 accusor.
1411 2232 1534 2269 Num·
1556 2245 1567 2260 2

247 2342 266 2362 2
291 2337 342 2363 est
364 2333 569 2374 lisksenbmg:
596 2339 629 2364 et
645 2335 727 2365 codd
750 2347 756 2366 τ
782 2336 846 2366 erit
863 2334 964 2366 Met'er
1049 2346 1068 2375 3
1093 2336 1228 2374 insigne
1250 2329 1348 2366 22⁶1„
1368 2335 1507 2375 (marg.)
1526 2346 1532 2365 :

204 2386 267 2406 om.
290 2382 317 2406 Δ
449 2379 469 2407 8
494 2377 693 2408 Caietanum
711 2378 870 2419 Pluygers
1014 2390 1035 2417 9
1059 2390 1113 2409 me
1130 2379 1204 2409 add.
1224 2378 1342 2409 Lamh,
1490 2389 1532 2416 30

204 2419 453 2491 ilntermissione
470 2420 626 2461 Bembus‚
645 2421 703 2452 sed
725 2422 795 2452 vide
819 2422 947 2452 doctam
971 2421 1193 2453 Miillcriadn.
1213 2422 1304 2462 apud
1325 2421 1535 2452 Riedlci'nder

225 2473 275 2492 nv.
295 2474 323 2492 2.
343 2473 384 2500 39

1564 557 1580 587 5

1566 881 1601 902 10
