1732 2661
134 190 164 227 Ι.
188 200 249 226 xx
576 193 632 230 M.
664 194 831 229 TVLLI
865 193 1170 230 CICERONIS

249 304 515 341 recedendum
547 316 677 352 neque
707 302 790 340 sine
820 301 962 340 nostris
994 302 1117 351 copiis
1151 302 1249 339 intra
1280 301 1438 339 alterius
1470 314 1578 351 prae-

247 365 347 404 sidia
368 367 619 413 veniendum,
643 375 681 404 et
709 366 739 403 is
765 367 815 404 de
844 380 923 415 quo
953 366 1089 404 scribis
1121 366 1217 404 nihil
1247 367 1366 404 habet
1387 367 1574 416 amplum,

247 430 343 468 nihil
365 433 572 476 excelsum,
597 431 693 468 nihil
718 445 799 469 non
827 430 1079 468 summissum
1106 439 1225 481 atque
1245 432 1444 481 populare.
1502 432 1577 468 Ve-

247 509 331 532 rum
360 503 491 533 tamen
519 495 591 533 fuit
621 495 718 533 ratio
746 495 842 532 mihi
868 496 1030 533 fortasse
1050 497 1100 534 ad
1122 495 1443 545 tranquillitatem
1473 508 1577 533 meo-

247 573 331 596 rum
363 568 584 609 temporum
616 574 696 598 non
732 559 889 605 inutilis,
923 561 992 598 sed
1023 573 1085 598 me
1116 561 1272 598 hercule
1307 560 1361 598 rei
1395 559 1576 610 publicae
1596 576 1613 608 5

247 626 371 662 multo
392 624 509 662 etiam
532 624 662 663 utilior
683 638 802 674 quam
825 624 920 662 mihi
942 624 1086 662 civium
1114 624 1382 674 improborum
1406 625 1575 674 impetus

246 688 285 726 in
314 702 376 727 me
397 689 563 738 reprimi,
581 703 672 727 cum
694 688 866 727 hominis
887 688 1129 738 amplissima
1150 690 1315 735 fortuna,
1331 689 1572 735 auctoritate,

244 754 364 802 gratia
386 756 643 792 fluctuantem
665 753 900 792 sententiam
928 754 1223 791 confirmassem
1250 762 1287 791 et
1313 767 1336 791 a
1363 767 1431 803 spe
1458 755 1576 791 malo-

245 832 330 856 rum
350 820 401 857 ad
423 833 597 857 mearum
620 833 747 857 rerum
769 820 926 856 laudem
948 818 1238 856 convertissem.
1291 820 1411 867 Quod
1433 818 1463 856 si
1485 832 1574 856 cum

244 884 375 934 aliqua
406 884 561 922 levitate
601 884 697 922 mihi
733 884 958 922 faciendum
996 883 1140 930 fuisset,
1179 885 1327 921 nullam
1362 897 1442 921 rem
1479 883 1575 921 tanti
1598 900 1636 921 10

244 949 526 987 existimassem
547 964 553 990 :
582 951 651 988 sed
677 957 809 987 tamen
829 963 852 987 a
873 963 936 987 me
960 949 1012 986 ita
1040 957 1131 986 sunt
1156 957 1243 986 acta
1268 948 1402 986 omnia
1427 962 1507 986 non
1533 956 1575 986 ut

244 1027 317 1063 ego
352 1014 403 1051 illi
435 1015 663 1052 adsentiens
698 1014 819 1053 levior
853 1015 922 1052 sed
955 1022 997 1052 ut
1032 1014 1095 1051 ille
1129 1027 1191 1051 me
1223 1015 1394 1063 probans
1426 1014 1576 1063 gravior

198 1086 221 1121 3
244 1079 447 1117 videretur.
522 1080 690 1129 Reliqua
724 1079 780 1117 sic
810 1093 833 1117 a
868 1093 930 1117 me
965 1087 1133 1128 aguntur
1164 1087 1201 1116 et
1233 1087 1396 1128 agentur
1427 1086 1468 1116 ut
1495 1092 1575 1116 non

243 1144 536 1182 committamus
566 1152 608 1182 ut
637 1158 683 1182 ea
713 1158 814 1194 quae
843 1144 1034 1194 gessimus
1066 1143 1225 1182 fortuito
1254 1143 1419 1193 gessisse
1448 1143 1575 1181 videa-

244 1222 339 1246 mur.
401 1211 516 1248 Meos
538 1210 665 1248 bonos
687 1209 801 1256 viros,
822 1209 908 1248 illos
930 1223 1029 1259 quos
1057 1209 1264 1260 significas,
1288 1217 1325 1247 et
1346 1223 1432 1247 eam
1454 1223 1573 1258 quam
1597 1222 1631 1252 15

244 1273 338 1311 mihi
360 1274 457 1312 dicis
480 1274 667 1324 obtigisse
689 1276 863 1324 Σπάρταν
883 1289 963 1313 non
995 1276 1116 1313 modo
1148 1288 1364 1324 numquam
1395 1275 1573 1312 deseram

243 1340 312 1377 sed
345 1339 472 1386 etiam,
507 1340 538 1377 si
571 1354 644 1390 ego
677 1341 727 1378 ab
760 1340 824 1378 illa
854 1342 1018 1387 deserar,
1052 1348 1184 1378 tamen
1220 1340 1258 1377 in
1294 1353 1382 1378 mea
1412 1339 1574 1389 pristina

243 1405 435 1443 sententia
474 1407 726 1456 permanebo
787 1407 891 1444 Illud
934 1415 1065 1444 tamen
1105 1406 1220 1444 velim
1260 1405 1471 1451 existimes,
1511 1419 1573 1443 me

243 1471 344 1508 hanc
378 1470 479 1508 viam
515 1471 747 1520 optimatem
779 1480 869 1522 post
907 1471 1037 1511 Catuli
1071 1479 1236 1510 mortem
1272 1484 1345 1509 nec
1378 1470 1573 1520 praesidio

242 1536 322 1573 ullo
344 1549 415 1573 nec
436 1536 625 1574 comitatu
648 1544 790 1575 tenere.
853 1539 956 1575 Nam
978 1545 1020 1574 ut
1040 1536 1092 1574 ait
1116 1537 1305 1582 Rhinton,
1330 1544 1371 1574 ut
1392 1535 1543 1585 opinor,
1595 1547 1634 1568 20

429 1603 462 1639 οἱ
489 1604 557 1651 μὲν
584 1603 668 1652 παρ’
698 1603 802 1641 οὐδέν
832 1605 913 1648 εἶσι,
945 1605 1020 1643 τοῖς
1050 1602 1079 1641 δ’
1107 1603 1211 1640 οὐδὲν
1238 1604 1353 1652 μέλει.

242 1665 343 1702 Mihi
371 1679 462 1704 vero
489 1675 529 1704 ut
558 1667 758 1706 invideant
785 1668 982 1718 piscinarii
1014 1667 1134 1706 nostri
1165 1675 1231 1705 aut
1260 1667 1426 1705 scribam
1457 1667 1507 1704 ad
1535 1674 1573 1704 te

238 1729 332 1767 alias
353 1738 418 1768 aut
440 1730 478 1768 in
500 1745 752 1780 congressum
776 1740 953 1770 nostrum
981 1733 1197 1770 reservabo.
1258 1734 1293 1769 A
1314 1731 1420 1769 curia
1439 1739 1571 1769 autem

239 1796 346 1832 nulla
380 1809 443 1833 me
477 1810 535 1834 res
570 1796 742 1843 divellet,
778 1799 837 1835 vel
872 1799 980 1847 quod
1015 1797 1067 1835 ita
1099 1805 1248 1835 rectum
1281 1804 1338 1834 est
1370 1797 1430 1833 vel
1462 1797 1570 1845 quod

239 1860 354 1896 rebus
376 1860 472 1898 meis
494 1860 662 1899 maxime
686 1870 997 1900 consentaneum
1022 1864 1081 1900 vel
1103 1863 1211 1912 quod
1232 1875 1255 1899 a
1275 1869 1412 1899 senatu
1434 1860 1570 1910 quanti
1592 1870 1630 1901 25

240 1925 329 1961 fiam
352 1924 512 1963 minime
534 1939 596 1964 me
618 1927 800 1976 paenitet.

193 2003 220 2040 4
295 1990 356 2026 De
377 1989 577 2039 Sicyoniis,
603 1999 644 2029 ut
665 1994 715 2030 ad
745 2001 782 2031 te
808 1994 942 2044 scripsi
969 2002 1096 2041 antea,
1119 2007 1199 2031 non
1222 1994 1388 2031 multum
1410 1991 1492 2042 spei
1514 1999 1571 2029 est

238 2054 277 2091 in
302 2062 464 2099 senatu;
495 2069 613 2094 nemo
640 2066 697 2095 est
724 2058 829 2096 enim
862 2059 966 2097 idem
996 2059 1062 2108 qui
1091 2066 1283 2109 queratur.
1355 2058 1446 2105 Qua
1470 2070 1510 2094 re
1540 2056 1571 2093 si

236 2119 275 2156 id
310 2128 525 2169 exspectas,
560 2123 720 2172 longum
758 2132 839 2171 est;
880 2124 955 2162 alia
989 2124 1059 2170 via,
1094 2124 1124 2161 si
1159 2137 1237 2173 qua
1270 2130 1396 2172 potes,
1428 2135 1567 2171 pugna.

236 2184 338 2222 Cum
372 2193 429 2222 est
462 2194 606 2233 actum,
643 2202 772 2238 neque
807 2189 1123 2227 animadversum
1156 2196 1213 2226 est
1245 2189 1295 2225 ad
1328 2200 1427 2236 quos
1459 2186 1571 2236 perti-
1591 2193 1631 2223 30

281 2298 299 2326 5
325 2289 400 2329 sed]
423 2295 456 2320 et
473 2290 558 2320 Boot
658 2293 678 2321 6
701 2291 824 2322 civium
845 2290 1022 2321 CEHOP:
1043 2301 1116 2321 cum
1131 2291 1171 2321 M
1262 2300 1295 2319 11
1322 2290 1569 2319 existimassem

238 2331 322 2362 codd.
341 2343 347 2361 :
375 2334 609 2363 aestimassem
628 2333 785 2364 Sclmmlz
862 2339 971 2364 tamen
991 2345 1053 2365 om.
1070 2334 1121 2364 M¹
1215 2343 1256 2363 20
1282 2333 1436 2363 Rhinton
1454 2333 1542 2372 vulg.
1564 2345 1570 2363 ε

239 2375 386 2405 Pliinton
408 2375 466 2406 M:
494 2376 627 2406 Philton
647 2377 855 2416 Ht'lbe12g(sc.
873 2383 1013 2417 persona
1037 2389 1074 2407 rx
1090 2377 1292 2407 Pln'lenrzonis
1309 2376 1511 2416 ‘Thes-auro,³
1530 2376 1567 2415 cf.

238 2417 423 2448 Pln'llonem
443 2419 535 2459 apud
549 2420 665 2450 Plauti
681 2424 688 2437 ‘
706 2421 945 2450 Trt'mmmmm
957 2421 978 2456 ’>
1115 2422 1156 2450 28
1181 2419 1284 2459 idem]
1300 2420 1363 2449 iam
1382 2420 1468 2459 vulg.
