1773 2651
162 170 231 207 IV.
252 180 281 206 x
624 173 678 210 M.
712 174 878 210 TVLLI
914 174 1221 213 CICERONIS

263 280 327 318 illa
352 282 621 321 ambulatione
649 285 725 321 fors
753 284 891 322 viderit
915 292 981 322 aut
1002 284 1032 322 si
1061 284 1126 334 qui
1155 292 1212 323 est
1241 284 1305 334 qui
1332 291 1439 322 curet
1469 285 1591 325 deus:

220 357 243 383 2
264 354 435 384 nostram
474 348 784 386 ambulationem
820 356 859 387 et
894 349 1132 387 Laconicum
1168 363 1293 399 eaque
1332 362 1433 398 quae
1468 349 1593 398 Cyrea

262 410 338 449 sint
370 412 484 450 velim
518 415 627 463 quod
661 413 802 463 poterit
834 413 978 452 invisas
1013 422 1050 452 et
1084 428 1221 463 urgeas
1257 413 1515 452 Philotimum
1550 420 1592 450 ut

261 485 451 527 properet,
485 486 526 516 ut
558 479 704 528 possim
739 478 807 516 tibi
841 479 991 528 aliquid
1024 479 1063 516 in
1093 493 1141 517 eo
1170 493 1311 529 genere
1341 479 1589 528 respondere.

263 543 475 592 Pompeius
514 543 554 580 in
595 545 820 583 Cumanum
863 544 1055 582 Parilibus
1094 544 1210 582 venit.
1292 544 1402 582 Misit
1440 545 1490 582 ad
1530 554 1631 584 me5

261 607 391 644 statim
431 608 497 658 qui
537 610 703 646 salutem
743 608 952 648 nuntiaret.
1013 610 1078 647 Ad
1117 623 1207 648 eum
1254 609 1443 659 postridie
1478 622 1594 646 mane

261 673 467 719 vadebam,
499 687 590 711 cum
621 675 717 712 haec
749 674 895 724 scripsi.

307 834 373 869 XI
503 837 571 870 Ser.
593 839 626 869 1⁵11
647 839 800 870 Cunmno
817 850 847 870 a.
868 839 898 870 d.
919 850 947 870 v.
969 839 1011 870 K.
1033 840 1114 872 Mai.
1129 851 1159 870 a.
1180 842 1242 879 609
1261 840 1350 880 (55).

675 927 848 958 CICERO
874 928 1045 958 ATTICO
1073 928 1174 959 SAL.

227 1027 243 1053 1
320 1017 575 1054 Delectarunt
601 1029 663 1054 me
690 1015 880 1065 epistulae
908 1024 997 1054 tuae
1025 1029 1122 1065 quas
1148 1015 1283 1064 accepi
1311 1029 1391 1053 uno
1419 1023 1595 1065 tempore
1619 1030 1656 1052 10

263 1081 360 1118 duas
389 1088 481 1118 ante
510 1080 615 1118 diem
647 1092 671 1117 v
704 1082 790 1118 Kal.
852 1083 974 1130 Perge
1004 1080 1162 1130 reliqua.
1223 1080 1360 1118 Gestio
1395 1080 1492 1118 scire
1523 1080 1596 1117 ista

263 1145 406 1183 omnia.
459 1145 589 1183 Etiam
611 1145 707 1184 illud
736 1145 847 1184 cuius
869 1146 978 1184 modi
1008 1145 1055 1184 sit
1077 1146 1193 1184 velim
1219 1145 1454 1195 perspicias3
1484 1152 1596 1195 potes

263 1225 286 1248 a
309 1210 521 1249 Demetrio.
583 1210 690 1248 Dixit
712 1210 807 1248 mihi
830 1210 1044 1260 Pompeius
1066 1212 1251 1250 Crassum
1272 1224 1295 1248 a
1315 1224 1356 1249 se
1377 1210 1417 1248 in
1438 1211 1596 1248 Albano

264 1274 478 1325 exspectari
510 1282 602 1313 ante
637 1275 742 1313 diem
776 1287 836 1312 1111
872 1276 988 1321 Kal.;
1026 1275 1058 1312 is
1089 1289 1179 1313 cum
1211 1275 1392 1321 venisset,
1424 1276 1595 1313 Romam

263 1354 346 1377 eum
367 1348 404 1378 et
432 1354 473 1377 se
497 1339 627 1377 statim
648 1348 833 1378 venturos
861 1348 902 1378 ut
929 1340 1099 1379 rationes
1127 1354 1216 1378 cum
1242 1339 1462 1390 publicanis
1490 1348 1598 1389 puta·
1623 1353 1656 1385 ¹5

265 1413 360 1443 rent.
420 1405 606 1454 Quaesivi
627 1405 971 1455 gladiatoribusne.
1034 1405 1258 1456 Respondit
1284 1413 1376 1443 ante
1397 1418 1515 1455 quam
1544 1404 1598 1442 in-

265 1472 511 1509 ducerentur.
572 1472 620 1509 Id
642 1470 752 1508 cuius
775 1471 883 1509 modi
905 1471 953 1509 sit
973 1479 1041 1509 aut
1062 1485 1167 1509 nunc
1189 1470 1219 1508 si
1241 1470 1340 1509 scies
1366 1478 1433 1508 aut
1454 1483 1543 1508 cum
1566 1469 1597 1507 is

268 1538 438 1574 Romam
460 1536 608 1574 venerit
629 1537 679 1574 ad
701 1550 763 1574 me
786 1536 916 1574 mittas
937 1536 1065 1575 velim.

222 1612 246 1638 2
321 1602 405 1639 Nos
435 1601 499 1639 hic
528 1615 711 1639 voramus
741 1601 886 1640 litteras
917 1615 1007 1640 eum
1039 1601 1200 1640 homine
1235 1600 1399 1639 mirifico
1432 1600 1502 1651 (ita
1534 1613 1596 1638 me

265 1667 422 1704 hercule
443 1666 587 1716 sentio)
613 1666 804 1716 Dionysio
826 1666 892 1716 qui
915 1674 952 1705 te
974 1666 1183 1717 omnisque
1203 1680 1272 1705 vos
1294 1668 1444 1704 salutat.
1619 1677 1658 1699 20

573 1732 690 1770 Οῧὸὲν
718 1734 944 1784 γλυκύτερον
972 1731 995 1781 ἢ
1024 1732 1128 1770 πάντ’
1157 1732 1298 1770 siggvan.

266 1799 356 1846 Qua
377 1812 415 1836 re
443 1806 484 1836 ut
509 1797 660 1836 homini
686 1797 841 1836 curioso
869 1797 921 1836 ita
947 1797 1143 1848 perscribe
1163 1799 1213 1836 ad
1240 1811 1302 1835 me
1324 1796 1419 1846 quid
1449 1795 1597 1846 primus

265 1863 360 1910 dies,
383 1863 479 1913 quid
509 1865 717 1909 secundus,
746 1863 842 1913 quid
873 1876 1065 1909 censores,
1095 1863 1190 1913 quid
1218 1862 1382 1912 Appius,
1407 1861 1502 1911 quid
1533 1861 1597 1899 illa

266 1928 400 1978 populi
421 1928 642 1978 Appuleia3
671 1928 843 1978 denique
865 1928 982 1966 etiam
1010 1927 1106 1977 quid
1127 1941 1149 1966 a
1169 1935 1206 1966 te
1234 1929 1300 1965 fiat
1320 1928 1371 1964 ad
1396 1940 1458 1964 me
1479 1926 1595 1963 velim

266 1993 422 2031 scribas.
482 1995 575 2032 Non
609 1993 728 2040 enim,
764 2001 805 2031 ut
840 2007 928 2031 vere
961 1994 1178 2042 loquamur,
1216 2000 1295 2030 tam
1335 1992 1450 2029 rebus
1485 1990 1596 2029 novis
1619 2001 1657 2032 25

266 2072 384 2108 quam
415 2058 490 2097 tuis
520 2059 656 2097 litteris
686 2060 870 2097 delector.

321 2126 406 2174 Ego
445 2137 601 2162 mecum
642 2132 794 2173 praeter
843 2122 1076 2172 Dionysium
1117 2121 1234 2161 eduxi
1280 2121 1479 2159 neminem
1524 2133 1597 2158 nec

316 2238 326 2257 1
355 2227 422 2257 fors
440 2227 583 2257 viderit.
604 2251 610 2257 .
628 2250 635 2257 .
657 2227 740 2256 deus
765 2227 933 2256 seuam'nm
959 2236 1023 2255 esse
1046 2236 1085 2255 ex
1104 2229 1197 2265 poeta
1217 2225 1364 2264 quodam
1382 2224 1597 2264 desumptum

263 2274 361 2310 putat
391 2271 526 2301 Ribbeck
667 2280 686 2299 2
719 2270 832 2307 Cyrea
868 2269 967 2299 Visa:
1003 2269 1093 2299 cirea
1121 2268 1162 2298 M
1250 2278 1270 2306 3
1295 2273 1373 2298 sunt
1410 2267 1601 2307 [Vesenberg

267 2315 357 2352 quod
385 2314 565 2344 Graevius:
604 2323 671 2352 quo
705 2313 762 2342 M:
803 2322 905 2351 quom
933 2312 1048 2341 Baiter
1172 2312 1299 2351 poteris
1327 2311 1486 2341 Graevius
1529 2311 1596 2341 coll.

267 2359 297 2388 6.
317 2368 336 2395 4
470 2368 504 2387 11
529 2360 601 2397 pos!
624 2358 707 2387 duas
735 2355 810 2386 add.
839 2356 934 2386 datas
967 2355 1156 2395 Wesenberg
1235 2354 1269 2395 v]
1297 2365 1321 2384 11
1347 2353 1441 2384 Man.
1558 2363 1594 2392 15

266 2411 342 2430 eum
375 2405 407 2430 et
440 2410 475 2430 se
504 2399 702 2430 Lehmann:
734 2405 767 2429 et
793 2410 830 2429 se
858 2398 916 2428 M:
950 2409 1026 2429 esse
1055 2399 1142 2438 vulg.
1320 2408 1359 2436 27
1384 2398 1485 2428 eduxi
1511 2397 1593 2428 Ant.

265 2443 414 2474 FCOP:
442 2444 522 2473 duxi
547 2443 587 2472 M
