1732 2661
163 162 193 200 I.
217 163 292 199 xiii
604 163 659 199 M.
692 162 860 198 TVLLI
893 161 1200 199 CICERONIS

239 273 340 312 Boni
361 273 429 311 viri
451 273 632 323 precibus
654 271 771 311 Clodi
786 279 1035 309 removentur
1055 285 1077 309 a
1097 285 1223 317 causa,
1249 285 1389 321 operae
1410 285 1565 320 compa-

236 346 378 384 rantur,
414 345 569 376 nosmet
608 336 692 386 ipsi,
730 335 797 385 qui
837 335 1027 385 Lycurgei
1058 349 1081 373 a
1111 335 1304 386 principio
1343 336 1563 381 fuissemus,

236 402 381 441 cotidie
413 401 700 450 demitigamur,
737 400 854 437 instat
886 407 924 437 et
958 407 1067 449 urget
1103 401 1215 439 Cato.
1275 399 1384 449 Quid
1415 401 1566 437 multa?

236 482 370 506 vereor
400 481 449 505 ne
479 468 576 505 haec
607 467 784 515 neglecta
810 479 833 502 a
859 464 988 509 bonis,
1009 466 1171 503 defensa
1196 466 1247 503 ab
1272 464 1462 515 improbis
1489 478 1566 502 ma-

191 549 217 585 4
235 546 401 582 gnorum
432 531 485 570 rei
516 531 698 581 publicae
726 531 917 568 malorum
945 542 1063 567 causa
1087 529 1146 567 sit.
1204 531 1315 567 Tuus
1342 537 1473 567 autem
1501 528 1565 566 ille
1587 540 1603 569 5

235 596 386 634 amicus
418 595 518 645 <scin
549 609 667 645 quem
699 594 827 632 dicam
842 594 886 643 ?),
917 595 966 632 de
996 607 1076 643 quo
1111 602 1151 631 tu
1183 595 1234 632 ad
1270 608 1331 632 me
1366 592 1565 642 scripsisti,

235 669 372 711 postea
401 675 520 711 quarn
552 674 631 698 non
665 661 827 698 auderet
858 660 1154 708 reprehendere,
1186 660 1344 697 laudare
1375 657 1562 707 coepisse,

235 740 318 772 nos,
342 734 383 763 ut
404 725 588 771 ostendit,
611 725 829 763 admodum
852 723 988 773 diligit,
1011 723 1273 773 amplectitur,
1294 731 1409 769 amat,
1433 731 1565 772 aperte

235 793 381 839 laudat,
414 792 567 829 occulte
602 791 671 828 sed
702 789 754 827 ita
787 797 830 827 ut
861 787 1111 838 perspicuum
1151 787 1199 826 sit
1232 787 1391 826 invidet.
1456 787 1564 825 Nihil

235 869 358 901 come,
394 855 491 893 nihil
523 855 701 905 simplex,
732 853 828 891 nihil
859 857 896 892 ἐν
924 855 1000 893 τοῖς
1029 855 1234 893 πολιτικοῖς
1262 852 1433 898 inlustre,
1468 852 1563 890 nihil
1589 864 1626 886 10

234 922 457 967 honestum,
481 920 577 958 nihil
602 922 710 965 forte,
742 919 837 957 nihil
868 919 1046 958 liberum.
1106 920 1184 958 Sed
1211 920 1308 957 haec
1337 919 1388 956 ad
1416 926 1452 956 te
1478 918 1565 956 scri-

234 987 325 1025 bam
346 987 440 1025 alias
462 986 644 1025 subtilius
662 1000 669 1032 3
700 999 790 1023 nam
813 998 943 1034 neque
966 986 1099 1023 adhuc
1123 984 1219 1022 mihi
1247 983 1338 1021 satis
1360 991 1454 1022 nota
1474 991 1564 1021 sunt

234 1059 271 1090 et
302 1052 392 1090 huic
418 1060 540 1090 terrae
571 1051 652 1089 filio
679 1050 814 1088 nescio
842 1050 904 1088 cui
930 1049 1177 1088 committere
1207 1049 1415 1100 epistulam
1447 1048 1564 1086 tantis

234 1118 283 1155 de
304 1117 420 1155 rebus
441 1130 522 1155 non
542 1117 682 1154 audeo.

191 1194 214 1231 5
289 1181 513 1220 Provincias
545 1189 742 1231 praetores
777 1182 955 1219 nondum
991 1179 1114 1218 sortiti
1149 1187 1250 1218 sunt.
1310 1181 1390 1217 Res
1421 1180 1563 1217 eodem
1592 1193 1623 1223 ¹5

234 1255 291 1284 est
322 1247 397 1285 loci
429 1260 509 1297 quo
538 1245 739 1296 reliquisti.
798 1246 1032 1284 Τοποθεσίαν
1062 1258 1181 1295 quam
1212 1246 1386 1294 postulas
1419 1244 1564 1282 Miseni

233 1320 270 1349 et
304 1313 558 1350 Puteolorum
591 1311 793 1349 includam
822 1310 988 1350 orationi
1019 1324 1141 1349 meae.
1200 1311 1272 1347 ‘A
1306 1311 1344 1348 d.
1379 1322 1423 1347 111
1457 1311 1560 1348 Non.

236 1377 458 1415 Decembr.'
489 1378 680 1415 mendose
710 1376 828 1415 fuisse
858 1375 1222 1414 animadverteram.
1283 1376 1396 1423 Quae
1427 1375 1563 1413 laudas

232 1456 279 1479 ex
309 1442 562 1488 orationibus,
597 1441 692 1479 mihi
722 1443 849 1488 crede,
873 1442 987 1479 valde
1017 1440 1113 1478 mihi
1144 1440 1353 1490 placebant
1382 1441 1451 1478 sed
1482 1453 1563 1478 non

230 1508 427 1546 audebam
455 1515 571 1545 antea
596 1506 750 1554 dicere3
780 1520 886 1544 nunc
906 1520 998 1545 vero
1023 1506 1131 1555 quod
1157 1519 1180 1542 a
1205 1512 1242 1543 te
1268 1505 1432 1554 probata
1459 1512 1562 1551 sunt,
1585 1518 1623 1539 20

232 1574 357 1611 multo
385 1572 437 1610 mi
465 1573 685 1621 (ἰττικώτερα
710 1571 901 1610 videntur.
963 1573 1010 1609 In
1040 1570 1144 1608 illam
1176 1569 1394 1608 orationem
1427 1571 1563 1608 Metel-

231 1637 350 1675 linam
386 1637 523 1676 addidi
558 1638 765 1687 quaedam.
827 1636 944 1674 Liber
979 1635 1049 1674 tibi
1084 1635 1271 1683 mittetur,
1302 1634 1491 1685 quoniam
1526 1643 1563 1673 te

231 1716 341 1741 amor
372 1702 493 1740 nostrl
524 1703 756 1752 φιλορήτορα
775 1701 958 1740 reddidit.

188 1774 215 1811 6
289 1767 392 1805 Novi
432 1767 502 1805 tibi
542 1767 732 1817 quidnam
772 1766 970 1805 scribam?
1012 1766 1141 1816 quid?
1183 1767 1311 1806 etiam.
1378 1767 1563 1804 Messalla

233 1833 371 1870 consul
389 1831 676 1870 Autronianam
697 1833 862 1870 domum
887 1831 982 1870 emit
1005 1834 1075 1870 HS
1101 1837 1319 1873 †CXXX1111
1338 1838 1367 1869 ’ὴ
1430 1834 1438 1850 ⁶
1453 1830 1561 1879 Quid
1585 1843 1620 1873 25

231 1896 270 1934 id
287 1898 337 1935 ad
360 1910 422 1935 me
436 1899 472 1934 ?'
497 1896 661 1946 inquies.
713 1898 887 1935 Tantum
904 1898 1013 1946 quod
1029 1911 1076 1935 ea
1095 1896 1296 1946 emptione
1317 1903 1354 1935 et
1370 1909 1443 1934 nos
1460 1896 1561 1934 bene

230 1961 373 2000 emisse
413 1961 573 2000 iudicati
613 1975 748 1999 sumus
787 1969 825 2000 et
864 1961 1046 2000 homines
1086 1961 1308 2011 intellegere
1347 1967 1560 2010 coeperunt

229 2026 344 2065 licere
365 2026 581 2065 amicorum
604 2026 854 2065 facultatibus
884 2027 924 2064 in
955 2028 1126 2065 emendo
1155 2028 1206 2065 ad
1235 2025 1465 2076 dignitatem
1495 2024 1561 2062 ali-

231 2105 348 2140 quam
390 2091 602 2141 pervenire.
661 2091 825 2129 Teucris
864 2091 929 2129 illa
966 2092 1116 2129 lentum
1156 2090 1356 2140 negotium
1395 2097 1452 2127 est
1490 2090 1560 2127 sed

229 2163 360 2194 tamen
393 2164 450 2194 est
485 2156 523 2193 in
559 2170 638 2205 spe.
698 2158 760 2194 Tu
793 2156 866 2194 ista
897 2157 1060 2194 confice.
1120 2158 1156 2193 A
1190 2155 1304 2194 nobis
1338 2154 1558 2193 liberiorem
1581 2165 1621 2195 30

227 2221 435 2270 epistulam
467 2230 660 2271 exspecta.
720 2234 759 2258 vl
785 2223 873 2259 Kal.
898 2222 1010 2259 Febr.
1036 2223 1090 2259 M.
1116 2222 1313 2267 Messalla,
1336 2221 1390 2257 M.
1417 2219 1559 2257 Pisone

227 2300 325 2324 coss.

271 2393 290 2422 3
315 2384 507 2423 mitigamur
535 2384 658 2423 Tyrrell
809 2395 827 2422 4
853 2384 1008 2423 neglecta
1024 2384 1063 2415 I:
1088 2384 1210 2414 iniecta
1226 2383 1284 2413 M:
1309 2383 1438 2413 abiecta
1455 2381 1558 2411 Reid:

229 2438 353 2468 insecta
371 2439 543 2468 Lehmann
626 2449 661 2477 17
687 2439 842 2469 incudam
856 2439 934 2469 coni.
955 2438 1076 2478 Tyrrell
1155 2448 1195 2476 25
1223 2437 1364 2479 {xxxvn}
1385 2435 1556 2466 Casaubon

230 2491 267 2519 31
295 2482 339 2512 M.
362 2482 516 2512 Messalla
537 2506 543 2511 .
562 2506 568 2513 .
591 2506 597 2512 .
616 2492 703 2512 coss*
722 2483 756 2520 cf.
777 2482 824 2512 ad
836 2493 864 2512 2.
890 2493 901 2512 1
