1773 2651
617 173 728 210 EPP.
762 174 838 210 AI)
868 173 1127 211 ATTICVM
1440 175 1557 211 VIII.
1576 174 1622 211 iv

201 297 262 321 me
290 285 454 322 dederas
479 284 622 322 veritus
649 285 862 335 superbum
891 299 931 323 se
958 286 1136 335 praebuit
1165 286 1202 323 in
1232 288 1386 325 fortuna
1410 300 1528 336 quam

199 349 347 398 putavit
369 357 540 387 nostram
563 351 668 396 fore3
698 350 809 387 cuius
834 351 1011 388 fortunae
1038 364 1123 389 nos.
1141 359 1332 400 quantum
1355 353 1530 390 humano

197 413 363 452 consilio
384 414 482 452 effici
505 413 655 463 poterit,
675 422 826 452 motum
849 414 998 452 ratione
1015 416 1185 464 quadam
1207 415 1524 465 gubernabimus.

198 478 274 517 Cui
308 478 375 528 qui
414 487 545 516 noster
584 480 721 525 honos,
756 480 864 528 quod
903 480 1150 530 obsequium,
1185 493 1286 530 quae
1325 480 1442 518 etiam
1477 482 1527 519 ad

158 558 175 589 5
197 551 347 581 ceteros
373 543 591 593 contempti
619 543 824 582 cuiusdam
855 544 1026 582 hominis
1057 545 1351 583 commendatio
1375 545 1528 584 defuit?

196 616 238 646 ut
273 622 405 646 meum
440 608 630 647 iudicium
670 609 901 659 reprehendi
937 624 959 648 a
993 610 1143 658 Quinto
1182 612 1296 649 fratre
1330 612 1527 660 vulgoque

195 674 246 711 ab
275 674 460 712 omnibus
491 675 647 712 mallem
681 688 798 724 quam
833 675 942 712 illum
977 689 1057 713 non
1087 677 1221 714 efferre
1252 689 1314 713 me
1344 676 1527 713 laudibus

196 738 489 788 Ciceronesque
523 747 676 777 nostros
712 753 801 778 meo
836 739 965 790 potius
997 741 1130 778 labore
1164 740 1372 778 subdoceri
1407 753 1524 789 quam

196 816 259 840 me
287 803 407 840 alium
437 803 483 841 iis
515 804 740 854 magistrum
771 818 981 854 quaerere3
1014 806 1065 843 ad
1092 818 1210 854 quem
1241 818 1313 854 ego
1343 818 1440 854 quas
1470 804 1526 842 lit-

137 884 176 906 10
195 875 305 914 teras,
323 867 362 906 di
384 867 633 915 immortales,
654 869 845 915 miseram,
863 877 1055 918 quantum
1077 869 1236 907 honoris
1257 869 1522 919 significantis,

194 940 386 981 quantum
403 933 546 971 amoris
564 937 569 971 1
608 933 895 972 Dicaearchum
913 947 975 972 me
991 935 1149 972 hercule
1164 942 1231 972 aut
1245 934 1523 973 Aristoxenum

193 997 342 1036 diceres
363 998 516 1045 arcessi,
532 1012 612 1036 non
634 1012 757 1036 unum
778 999 981 1037 hominem
1002 999 1179 1037 omnium
1201 1000 1522 1049 loquacissimum

193 1071 230 1101 et
260 1063 420 1102 minime
450 1072 585 1113 aptum
615 1065 667 1102 ad
694 1065 932 1102 docendum.
993 1065 1071 1102 Sed
1101 1072 1158 1102 est
1188 1065 1377 1102 memoria
1404 1065 1519 1103 bona.
1543 1074 1566 1100 2

195 1130 263 1166 Me
285 1129 389 1167 dicet
410 1143 494 1168 esse
523 1129 693 1167 meliore.
754 1129 910 1178 Quibus
932 1129 1066 1167 litteris
1090 1129 1143 1167 ita
1164 1130 1365 1179 respondit
1388 1139 1428 1168 ut
1450 1144 1522 1180 ego

135 1210 171 1241 15
192 1194 340 1231 nemini
371 1194 481 1232 cuius
515 1208 673 1232 causam
710 1208 789 1232 non
824 1194 1048 1244 reciperem.
1112 1196 1275 1244 Semper
1306 1195 1423 1242 enim,
1459 1195 1522 1233 ‘Si

192 1267 339 1308 potero,
370 1260 400 1297 si
429 1268 520 1298 ante
550 1267 731 1309 suscepta
761 1272 877 1297 causa
908 1272 986 1297 non
1018 1259 1233 1308 impediar.'
1290 1261 1520 1309 Numquam

191 1337 257 1361 reo
291 1324 474 1374 cuiquam
510 1332 588 1362 tam
624 1323 772 1370 humili,
805 1332 884 1361 tam
920 1323 1091 1370 sordido,
1123 1331 1203 1361 tam
1238 1324 1407 1371 nocenti,
1440 1333 1519 1362 tam

189 1389 319 1427 alieno
347 1398 425 1428 tam
454 1389 627 1440 praecise
657 1389 794 1439 negavi
820 1402 938 1438 quam
969 1389 1032 1427 hic
1062 1388 1157 1426 mihi
1183 1391 1299 1439 plane
1330 1391 1434 1427 nulla
1461 1404 1521 1427 ex-

190 1454 373 1504 ceptione
403 1454 603 1504 praecidit.
664 1453 772 1492 Nihil
803 1453 970 1503 cognovi
1000 1453 1211 1503 ingratius3
1250 1454 1289 1491 in
1317 1468 1397 1504 quo
1427 1455 1520 1493 vitio

132 1533 173 1555 20
191 1518 287 1556 nihil
309 1519 399 1558 mali
421 1533 501 1557 non
523 1519 634 1557 inest.
694 1519 771 1556 Sed
793 1519 843 1556 de
864 1519 940 1556 hoc
961 1518 1076 1556 nimis
1098 1520 1230 1557 multa.

245 1586 330 1633 Ego
368 1598 508 1623 navem
548 1583 688 1634 paravi.
753 1585 859 1621 Tuas
894 1583 1038 1621 litteras
1077 1591 1208 1621 tamen
1248 1592 1442 1634 exspecto,
1478 1593 1562 1630 ut3

188 1650 308 1688 sciam
358 1650 454 1700 quid
501 1651 765 1699 respondeant
812 1648 1091 1687 consultationi
1139 1662 1259 1687 meae.
1329 1651 1518 1689 Sulmone

189 1716 233 1754 C.
257 1715 393 1753 Atium
422 1715 650 1765 Paelignum
681 1713 880 1764 aperuisse
900 1713 1077 1752 Antonio
1103 1722 1245 1763 portas,
1270 1728 1359 1753 cum
1387 1724 1517 1753 essent

188 1780 370 1818 cohortes
391 1780 576 1830 quinque,
594 1781 641 1828 Q.
660 1778 886 1817 Lucretium
907 1770 1000 1817 inde
1016 1778 1196 1828 effugisse
1214 1779 1317 1820 †scis
1335 1780 1515 1819 Gnaeum

130 1857 168 1889 25
189 1844 242 1883 ire
265 1845 516 1883 Brundisium
539 1845 777 1885 desertum†.
839 1845 1031 1883 Confecta
1051 1857 1110 1882 res
1131 1852 1199 1882 est.

236 1959 247 1978 1
278 1953 353 1979 ande
378 1950 506 1979 veritus
531 1948 606 1979 add.
626 1949 727 1979 verba
754 1947 843 1982 Reid,
864 1949 928 1979 vim
957 1959 995 1978 ex
1011 1949 1082 1978 coni
1112 1947 1244 1986 Mt't'ller‚
1259 1949 1339 1988 fort.
1359 1952 1444 1987 recle,
1461 1949 1517 1980 sed

186 1993 224 2032 cf.
260 1992 380 2023 Terent.
406 1992 542 2023 Pltorm.
571 2002 646 2030 971,
667 1992 770 2031 Apul.
799 1991 874 2022 lWet.
903 1993 932 2023 ii.
962 2002 990 2021 2.
1018 1995 1045 2022 et
1069 1991 1226 2022 Sclzmalz
1253 1992 1419 2032 *Syntax'
1440 1997 1453 2030 ξ
1475 2003 1513 2032 77

190 2046 205 2074 7
235 2037 357 2066 efferre
384 2046 436 2066 me
458 2034 664 2075 PVesenbetgt
699 2035 851 2065 efferrem
880 2034 921 2064 M
942 2034 1066 2066 Maller
1262 2046 1300 2065 12
1326 2047 1393 2066 non
1416 2047 1515 2066 unum

187 2079 358 2109 hominem
374 2090 391 2108 s
410 2079 482 2116 (sed
495 2080 522 2109 is
539 2079 614 2108 novi
628 2084 688 2118 pro
705 2079 786 2111 noni
806 2079 904 2109 Rom.
919 2091 925 2109 z
955 2089 1022 2109 non
1041 2089 1141 2109 unum
1165 2078 1226 2110 EI:
1253 2090 1318 2109 om.
1336 2080 1375 2109 st!
1479 2089 1516 2119 13

188 2123 257 2153 Sed
275 2123 340 2163 est]
361 2121 499 2152 Scilicet
517 2127 568 2152 est
583 2122 633 2152 vel
648 2122 682 2152 Si
701 2127 752 2152 est
769 2121 910 2152 Mz'iller:
934 2122 979 2152 Se
997 2123 1078 2152 dicit
1096 2122 1180 2163 Reid
1300 2123 1338 2152 18
1363 2123 1452 2152 nulla
1476 2123 1514 2153 I:

188 2166 254 2196 ulla
275 2165 333 2196 M:
359 2167 434 2196 sine
453 2166 519 2195 ulla
536 2165 577 2195 M
592 2176 699 2205 weng.
792 2175 829 2195 21
858 2176 977 2195 navem
998 2165 1177 2196 Ascensius
1194 2165 1251 2198 ised.
1266 2166 1299 2205 2)
1317 2178 1323 2196 :
1349 2171 1459 2196 autem
1479 2166 1519 2196 M

187 2209 278 2239 Tuas
290 2208 374 2239 Pius
389 2221 394 2239 :
421 2209 504 2239 duas
519 2208 559 2237 M
664 2220 705 2248 24
726 2212 799 2248 post
816 2209 975 2248 effugisse
993 2208 1130 2240 addend.
1145 2210 1247 2240 credo
1266 2214 1298 2240 te
1315 2209 1450 2239 audisse
1467 2210 1516 2239 vel

187 2253 292 2282 simile
308 2252 390 2291 quid
403 2253 480 2282 coni.
505 2251 693 2291 Wesenberg
764 2252 845 2292 scis]
864 2253 948 2282 scito
965 2252 1117 2282 Schmidt
1207 2263 1247 2292 25
1274 2253 1511 2294 Brundisium]

189 2295 371 2325 Domitium
392 2295 588 2335 glossemate
609 2295 784 2334 e.2p11lsunz
804 2299 901 2335 putat
924 2295 1009 2325 Reid
1126 2297 1312 2337 desertum]
1340 2297 1512 2327 desertum

190 2338 374 2369 Domitium
392 2338 544 2379 L1'p51'us:
572 2340 681 2369 deseri
703 2339 882 2369 Domitium
904 2339 1004 2369 Orelli
1017 2339 1169 2369 Schmidt
