1732 2661
573 166 685 203 EPP.
719 168 796 203 AD
828 168 1087 206 ATTICVM
1438 175 1540 211 11.v

348 277 597 327 Πουλυδάμας
625 295 688 327 μοι
716 281 858 327 πρῶτος
888 281 1080 331 ἐλεγχείην
1109 280 1298 329 ἀναθήσει,

161 343 261 382 Cato
296 342 359 381 ille
392 350 523 381 noster
557 342 623 392 qui
660 343 755 380 mihi
790 357 891 382 unus
927 352 985 382 est
1020 357 1090 394 pro
1124 353 1283 383 centum
1320 345 1489 385 milibus.

162 406 270 455 Quid
298 421 389 445 vero
419 407 603 445 historiae
634 409 684 446 de
714 408 829 446 nobis
859 410 910 447 ad
939 422 1064 447 annos
1096 421 1149 447 DC
1176 410 1493 460 praedicabunt?

159 472 268 520 Quas
299 472 460 522 quidem
485 486 557 522 ego
588 474 712 511 multo
744 473 865 524 magis
890 488 1024 513 vereor
1054 488 1173 524 quam
1204 488 1339 513 eorum
1370 475 1493 515 homi-

119 552 135 581 5
158 549 252 573 num
283 536 350 586 qui
380 536 499 575 hodie
529 537 665 575 vivunt
695 540 951 577 rumusculos.
1025 540 1114 585 Sed,
1148 539 1298 590 opinor,
1328 540 1492 591 excipia-

158 614 244 638 mus
283 609 320 640 et
359 609 641 651 exspectemus.
716 602 756 640 Si
796 602 901 641 enim
941 604 1146 650 deferetur,
1184 604 1254 642 erit
1294 606 1489 654 quaedam

157 674 289 704 nostra
318 674 490 717 potestas
525 674 563 705 et
593 676 677 704 tum
708 667 1024 706 deliberabimus.
1086 668 1216 707 Etiam
1247 670 1404 708 hercule
1433 677 1491 708 est

156 731 195 769 in
226 744 306 770 non
335 731 570 782 accipiendo
601 746 681 769 non
713 734 819 770 nulla
849 733 979 783 gloria.
1041 735 1132 783 Qua
1156 748 1195 772 re
1220 734 1251 772 si
1279 734 1374 784 quid
1404 739 1491 775 Θεο-

156 797 277 846 φάνης
296 804 426 835 tecum
448 798 546 836 forte
567 798 775 836 contulerit
796 812 845 837 ne
866 799 1030 837 omnino
1051 799 1278 849 repudiaris.

101 876 138 899 10
213 864 274 902 De
298 863 380 901 istis
410 864 525 902 rebus
551 871 736 913 exspecto
765 872 850 902 tuas
880 864 1035 910 litteras,
1061 864 1157 914 quid
1185 865 1319 903 Arrius
1346 874 1483 914 narret,
1506 879 1531 907 2

155 941 235 978 quo
268 927 402 966 animo
435 942 475 966 se
510 928 743 967 destitutum
775 930 880 975 ferat,
913 936 951 967 et
981 929 1049 979 qui
1079 931 1261 968 consules
1291 939 1484 980 parentur,

153 1001 293 1040 utrum,
324 1001 365 1031 ut
395 993 531 1044 populi
562 1007 701 1040 sermo,
732 994 945 1044 Pompeius
975 1002 1012 1033 et
1043 996 1206 1034 Crassus
1236 1009 1297 1043 an,
1320 1004 1362 1034 ut
1392 996 1487 1035 mihi

153 1058 343 1106 scribitur,
385 1072 475 1097 cum
517 1059 689 1098 Gabinio
730 1060 884 1098 Servius
928 1059 1133 1110 Sulpicius,
1175 1068 1213 1099 et
1251 1075 1347 1099 num
1386 1076 1488 1112 quae

153 1137 278 1163 novae
309 1125 413 1174 leges
441 1131 479 1162 et
507 1138 601 1162 num
631 1123 727 1174 quid
753 1124 844 1163 novi
871 1124 1047 1172 omnino,
1070 1132 1108 1163 et
1135 1125 1324 1175 quoniam
1350 1128 1487 1177 Nepos

95 1207 131 1239 15
153 1189 421 1240 proficiscitur,
445 1188 603 1227 cuinam
633 1197 842 1239 auguratus
872 1190 1068 1228 deferatur
1082 1205 1092 1238 ,-
1121 1203 1201 1240 quo
1222 1190 1383 1241 quidem
1406 1205 1486 1231 uno

152 1268 225 1304 ego
245 1254 295 1292 ab
316 1253 398 1292 istis
419 1253 506 1304 capi
527 1267 699 1304 possum.
756 1254 859 1293 Vide
880 1254 1078 1293 levitatem
1100 1269 1239 1293 meam.
1291 1257 1368 1294 Sed
1390 1256 1486 1306 quid

151 1334 224 1371 ego
254 1322 350 1359 haec
380 1333 481 1370 quae
512 1320 629 1371 cupio
659 1321 859 1369 deponere
889 1327 927 1358 et
957 1328 1039 1358 toto
1069 1319 1203 1359 animo
1232 1328 1350 1370 atque
1375 1321 1487 1360 omni

151 1399 243 1424 cura
257 1387 517 1435 φιλοσοφεῖνΡ
561 1385 625 1424 Sic
642 1385 803 1435 inquam
821 1385 860 1422 in
881 1384 1015 1423 animo
1032 1393 1113 1432 est,
1134 1387 1274 1423 vellem
1295 1387 1346 1424 ab
1360 1386 1486 1435 initio,

151 1465 256 1490 nunc
291 1466 394 1499 vero,
432 1451 620 1502 quoniam
656 1464 757 1500 quae
789 1450 922 1501 putavi
954 1464 1039 1489 esse
1073 1452 1269 1501 praeclara
1303 1460 1483 1502 expertus

93 1530 131 1552 20
151 1530 238 1554 sum
273 1531 391 1567 quam
427 1524 557 1556 essent
592 1515 734 1562 inania,
771 1529 862 1553 cum
897 1515 1082 1554 omnibus
1123 1515 1250 1554 Musis
1289 1516 1480 1556 rationem

150 1583 293 1621 habere
314 1582 455 1633 cogito.
515 1583 577 1619 Tu
599 1589 731 1619 tamen
753 1582 803 1619 de
824 1580 961 1620 Curtio
981 1581 1031 1619 ad
1053 1594 1116 1619 me
1137 1580 1305 1620 rescribe
1325 1582 1477 1629 certius,
1500 1590 1524 1627 3

149 1655 187 1685 et
217 1661 322 1686 nunc
349 1648 436 1698 quis
463 1648 502 1686 in
530 1647 612 1686 eius
643 1649 775 1686 locum
805 1653 970 1697 paretur,
1000 1653 1038 1684 et
1065 1645 1161 1696 quid
1191 1647 1241 1685 de
1272 1648 1312 1684 P.
1337 1647 1481 1686 Clodio

150 1713 225 1758 fiat,
249 1721 287 1752 et
312 1713 455 1761 omnia,
475 1727 593 1763 quem
615 1714 665 1751 ad
688 1713 852 1750 modurn
874 1710 1079 1761 polliceriS,
1099 1712 1158 1749 ἐπὶ
1178 1714 1323 1763 σχολῆς
1342 1711 1478 1759 scribe,

151 1785 188 1816 et
209 1791 288 1828 quo
309 1778 373 1817 die
396 1780 526 1817 Roma
547 1785 584 1817 te
605 1777 798 1817 exiturum
820 1784 933 1827 putes
954 1775 1071 1814 velim
1092 1777 1142 1814 ad
1169 1790 1233 1815 me
1260 1776 1415 1823 scribas,
1439 1784 1482 1814 ut

92 1854 129 1886 25
151 1843 355 1882 certiorem
381 1851 418 1882 te
443 1843 583 1881 faciam
611 1842 755 1892 quibus
781 1841 820 1880 in
848 1841 944 1880 locis
974 1842 1125 1879 futurus
1153 1841 1236 1888 sim,
1260 1841 1482 1891 epistulam-

151 1923 227 1958 que
253 1908 384 1947 statim
405 1909 474 1947 des
500 1909 550 1947 de
571 1907 616 1945 iis
637 1908 752 1946 rebus
774 1908 824 1945 de
845 1907 989 1957 quibus
1010 1907 1061 1945 ad
1082 1914 1119 1945 te
1149 1905 1294 1957 scripsi.
1353 1907 1481 1945 Valde

150 1974 255 2012 enim
277 1981 461 2023 exspecto
482 1981 567 2011 tuas
589 1973 744 2011 litteras.

191 2088 211 2116 3
237 2078 477 2118 praedicabunt
510 2076 539 2106 L
586 2077 709 2117 mangs)
728 2088 734 2106 ε
778 2081 888 2106 —arant
919 2076 968 2106 vel
1003 2080 1116 2106 -arunt
1152 2076 1320 2115 (superscr.
1360 2075 1478 2116 -arint)

150 2121 191 2151 M
339 2132 371 2151 11
406 2122 485 2160 quo*
522 2126 555 2151 et
583 2131 659 2159 quo,
687 2120 737 2150 vel
766 2130 845 2149 mox
874 2120 970 2158 ecqui
997 2120 1155 2150 consules
1189 2118 1313 2158 Tyrrell
1421 2129 1479 2158 pa·

151 2170 267 2195 rentur
300 2164 339 2194 M
366 2166 534 2205 (nzmgh
568 2168 709 2203 pareant
736 2163 784 2193 M1
942 2165 980 2193 16
1003 2163 1090 2193 Vide
1114 2163 1282 2193 levitatem
1307 2161 1477 2192 Muretus:

150 2209 262 2239 videte
276 2209 376 2239 vitam
394 2208 446 2238 Z:
471 2208 583 2238 videte
601 2207 770 2237 civitatem
795 2207 841 2243 M,
870 2205 959 2246 quod
979 2206 1118 2245 clefi’ndit
1142 2205 1226 2236 Reid
1243 2209 1417 2245 tamquam
1434 2206 1481 2236 ad

153 2252 307 2282 Ciceronis
323 2257 404 2292 opus
424 2251 491 2281 ‘De
508 2251 699 2291 Republt'ca'
718 2250 853 2289 rcscrens
983 2259 1021 2279 21
1050 2249 1153 2280 Curio
1171 2249 1248 2280 coni.
1267 2249 1384 2279 Pretor
1409 2249 1476 2279 coll.

154 2305 201 2334 17.
219 2306 238 2325 2
342 2305 382 2324 22
408 2305 496 2325 nunc
515 2295 572 2324 M:
598 2303 678 2324 num
695 2295 784 2334 vulg.
883 2302 924 2331 23
949 2292 1016 2327 fiat,
1036 2297 1069 2323 et
1085 2293 1171 2332 vulg.
1189 2303 1195 2324 ε
1221 2292 1272 2323 s'r'e
1290 2291 1347 2324 M:
1373 2293 1477 2323 fratre

151 2339 250 2369 Rom.
271 2350 276 2368 :
303 2344 337 2369 et
361 2339 464 2369 fratre
490 2343 523 2368 ct
548 2340 601 2378 (sc.
627 2337 754 2368 Metello
772 2336 882 2375 Celere,
900 2336 937 2375 cf.
956 2335 1106 2376 Harusp.
1126 2336 1221 2377 Resp.
1242 2346 1294 2375 45,
1315 2335 1398 2367 Cael.
1417 2337 1477 2377 60)

158 2382 285 2422 Tyrrell‚
296 2382 378 2420 sort.
397 2385 471 2413 recte

1350 2492 1391 2522 4ss
