1732 2661
589 188 700 224 EPP.
735 188 811 224 Al)
842 187 1102 224 ATTICVM
1491 184 1521 220 I.
1541 181 1603 218 vii

191 312 236 336 ea
266 312 367 348 quae
392 297 507 336 nobis
537 298 679 336 emisse
711 303 744 335 le
773 306 810 336 et
840 311 996 348 parasse
1024 296 1160 335 scribis
1190 297 1260 334 des
1290 308 1449 345 operam
1480 301 1522 331 ut

189 377 308 413 quam
341 363 510 414 primum
545 364 762 401 habeamus
796 371 833 401 et
867 363 983 400 velim
1016 362 1174 411 cogites,
1212 361 1252 399 id
1285 362 1393 410 quod
1426 358 1522 396 mihi

188 428 386 478 pollicitus
407 442 461 476 es,
482 442 600 478 quem
621 429 671 466 ad
693 429 857 466 modum
881 428 1162 466 bibliothecam
1191 426 1306 464 nobis
1327 426 1522 464 conficere

188 494 324 543 possis.
385 494 558 532 Omnem
580 507 690 543 spem
719 492 992 532 delectationis
1020 500 1186 538 nostrae,
1211 505 1330 541 quam
1361 504 1451 528 cum
1482 490 1521 527 in

151 575 166 605 5
188 559 311 598 otium
334 560 555 598 venerimus
577 560 721 597 habere
738 561 930 604 volumus,
950 558 988 596 in
1006 566 1072 596 tua
1089 557 1334 596 humanitate
1350 555 1519 607 positam

187 625 390 664 habemus.

229 750 345 786 VIII
490 754 560 786 Scr.
580 755 711 786 Romae
721 759 798 796 post
812 755 860 786 Id.
882 755 970 786 Febr.
992 765 1021 785 a.
1043 756 1106 793 637
1124 753 1206 794 (67).

601 843 778 874 CICERO
803 843 975 874 ATTICO
1003 842 1098 873 SAL.

240 932 360 981 Apud
381 939 418 970 te
446 938 503 969 est
525 938 566 969 ut
588 933 780 969 volumus.
842 933 971 969 Mater
992 939 1058 969 tua
1080 938 1117 969 et
1139 943 1246 968 soror
1267 943 1288 967 a
1310 942 1373 967 me
1395 929 1517 978 Quin-
1537 938 1554 964 1

130 1008 166 1030 10
186 1003 305 1045 toque
327 997 441 1034 fratre
465 996 647 1046 diligitur.
708 998 810 1035 Cum
834 996 1007 1034 Acutilio
1033 1009 1120 1034 sum
1151 997 1316 1033 locutus.
1378 996 1417 1033 Is
1443 994 1516 1032 sibi

185 1068 299 1109 negat
320 1074 342 1098 a
363 1074 435 1099 suo
456 1070 707 1111 procuratore
728 1061 941 1111 quicquam
970 1060 1158 1110 scriptum
1180 1073 1265 1098 esse
1292 1068 1330 1098 et
1358 1060 1518 1098 miratur

184 1125 297 1163 istam
330 1126 637 1164 controversiam
673 1126 791 1164 fuisse
831 1127 939 1176 quod
979 1125 1043 1164 ille
1082 1125 1267 1163 recusarit
1300 1124 1391 1162 satis
1423 1126 1516 1163 dare

182 1190 350 1240 amplius
382 1192 452 1230 abs
487 1200 525 1230 te
564 1205 644 1230 non
677 1191 767 1241 peti.
829 1192 950 1240 Quod
985 1198 1027 1229 te,
1057 1192 1107 1229 de
1140 1190 1322 1228 Tadiano
1356 1190 1516 1240 negotio

183 1255 379 1294 decidisse
409 1256 555 1303 scribis,
580 1256 620 1294 id
650 1270 723 1306 ego
750 1256 880 1294 Tadio
910 1264 947 1294 et
978 1263 1130 1305 gratum
1161 1268 1246 1293 esse
1276 1254 1447 1292 intellexi
1478 1262 1515 1293 et

128 1331 161 1362 15
184 1333 327 1369 magno
358 1334 475 1370 opere
506 1321 735 1359 iucundum.
798 1323 870 1359 Ille
902 1329 1034 1359 noster
1064 1320 1225 1366 amicus,
1256 1319 1312 1356 vir
1341 1333 1404 1358 me
1434 1321 1516 1358 her-

182 1387 269 1424 cule
290 1386 463 1435 optimus
480 1394 517 1424 et
539 1386 635 1423 mihi
655 1385 927 1431 amicissimus,
948 1399 1041 1424 sane
1062 1385 1132 1423 tibi
1154 1384 1272 1422 iratus
1293 1392 1361 1422 est.
1423 1386 1516 1423 Hoc

182 1450 213 1487 si
234 1451 370 1500 quanti
392 1460 433 1489 tu
454 1438 636 1489 aestimes
659 1451 790 1498 sciam,
815 1459 897 1489 tum
920 1451 1015 1501 quid
1037 1451 1133 1489 mihi
1154 1453 1438 1490 elaborandum
1467 1451 1515 1489 sit

181 1515 279 1554 scire
300 1516 458 1566 possim.

236 1582 278 1619 L.
303 1582 444 1621 Cincio
466 1584 537 1621 HS
563 1594 680 1621 ccmo
710 1594 828 1620 ccmo
858 1594 957 1620 cccc
987 1595 1057 1632 pro
1088 1582 1207 1632 signis
1230 1582 1449 1632 Megaricis,
1473 1590 1514 1620 ut
1534 1593 1557 1620 2

124 1661 160 1682 20
181 1653 222 1683 tu
261 1647 311 1684 ad
344 1660 407 1685 me
442 1647 661 1697 scripseras,
697 1647 838 1685 curavi.
902 1649 1077 1685 Hermae
1109 1648 1165 1685 tui
1198 1647 1388 1686 Pentelici
1423 1661 1513 1685 cum

180 1710 374 1760 capitibus
395 1712 538 1758 aeneis,
563 1714 612 1750 de
640 1712 784 1762 quibus
814 1713 865 1750 ad
896 1726 958 1750 me
989 1712 1186 1762 scripsisti,
1210 1712 1286 1750 iam
1317 1726 1423 1751 nunc
1451 1726 1514 1751 me

179 1777 398 1814 admodum
438 1777 647 1815 delectant.
727 1778 817 1825 Qua
850 1790 888 1814 re
923 1776 1039 1814 velim
1075 1785 1113 1815 et
1152 1790 1219 1815 eos
1252 1785 1289 1815 et
1328 1777 1438 1827 signa
1476 1785 1513 1815 et

180 1848 309 1878 cetera
329 1854 430 1890 quae
452 1841 522 1879 tibi
552 1841 635 1879 eius
666 1841 741 1879 loci
772 1849 810 1879 et
841 1841 962 1879 nostri
994 1841 1099 1879 studi
1127 1849 1165 1880 et
1186 1849 1276 1880 tuae
1297 1843 1514 1892 elegantiae

180 1918 265 1943 esse
286 1905 524 1944 videbuntur
550 1920 669 1956 quam
699 1906 866 1955 plurima
896 1920 1015 1956 quam
1040 1906 1290 1956 primumque
1318 1907 1448 1946 mittas
1476 1916 1512 1946 et

122 1987 159 2018 25
182 1970 350 2009 maxime
371 1984 472 2020 quae
493 1971 563 2009 tibi
584 1970 761 2021 gymnasi
784 1971 961 2021 xystique
982 1971 1222 2010 videbuntur
1251 1985 1347 2010 esse.
1408 1974 1510 2010 Nam

179 2034 219 2072 in
240 2048 288 2073 eo
308 2049 450 2085 genere
470 2035 526 2074 sic
547 2035 678 2074 studio
699 2035 895 2074 efferimur
916 2044 956 2074 ut
977 2037 1047 2074 abs
1065 2044 1102 2074 te
1118 2036 1343 2083 adiuvandi,
1361 2037 1411 2075 ab
1427 2037 1512 2075 aliis

179 2113 300 2150 prope
321 2100 635 2150 reprehendendi
657 2100 789 2138 simus.
850 2100 888 2139 Si
912 2101 1068 2138 Lentuli
1089 2101 1197 2139 navis
1219 2115 1299 2140 non
1328 2102 1408 2148 erit,
1432 2116 1512 2152 quo

179 2165 249 2203 tibi
284 2165 453 2215 placebit
493 2165 698 2215 imponito.
758 2166 931 2204 Tulliola
964 2166 1170 2205 deliciolae
1209 2175 1365 2205 nostrae
1399 2175 1509 2204 tuum
1530 2181 1554 2218 3

180 2232 459 2268 munusculum
481 2230 627 2280 flagitat
649 2239 686 2268 et
708 2244 770 2268 me
785 2239 826 2268 ut
844 2244 1075 2279 sponsorem
1092 2233 1263 2280 appellat
1279 2247 1289 2279 3
1309 2232 1362 2269 mi
1378 2240 1509 2270 autem

122 2311 161 2341 30
179 2294 356 2333 abiurare
377 2295 518 2333 certius
540 2302 597 2333 est
619 2308 737 2344 quam
759 2296 995 2345 dependere.

179 2409 239 2470 ΕΙ
268 2403 300 2429 te
328 2398 402 2430 add.
429 2398 542 2428 Baiter
714 2410 751 2429 12
778 2400 942 2430 reeusarit
972 2399 1184 2440 Malaspina:
1220 2406 1307 2432 -arat
1332 2400 1389 2431 M:
1424 2406 1511 2432 -aret

211 2443 310 2471 mesti
