1732 2661
208 175 238 212 I.
263 175 339 212 xvi
642 178 696 214 M.
729 177 897 214 TVLLI
930 177 1236 215 CICERONIS

273 282 411 321 lanista
441 283 740 333 frugalissimum
781 298 980 333 quemque
1019 292 1250 332 secerneret,
1277 292 1318 322 ut
1348 284 1516 335 primum
1546 284 1601 322 iu-

272 347 380 386 dices
419 349 697 393 consederunt,
732 349 845 386 valde
880 348 1057 387 diffidere
1092 349 1186 388 boni
1221 356 1445 399 coeperunt.
1506 350 1599 387 Non

271 412 377 450 enim
400 426 588 462 umquam
611 413 759 462 turpior
784 413 823 450 in
853 414 948 451 ludo
974 413 1109 453 talario
1136 428 1344 453 consessus
1365 414 1447 461 fuit,
1471 427 1601 452 macu-

271 478 342 516 losi
364 486 573 524 senatores,
598 478 693 516 nudi
715 478 876 528 equites,
901 478 1047 517 tribuni
1068 493 1148 517 non
1169 488 1248 518 tam
1269 479 1387 518 aerati
1404 492 1534 528 quam,
1557 486 1599 516 ut

269 545 525 593 appellantur,
557 543 702 582 aerarii.
763 543 883 582 Pauci
911 551 1043 582 tamen
1073 545 1168 583 boni
1198 545 1349 583 inerant
1378 558 1478 594 quos
1507 543 1600 581 reie-
1619 557 1635 587 5

269 608 400 646 ctione
420 610 552 658 fugare
573 609 636 647 ille
657 622 737 647 non
758 616 947 658 potuerat,
964 609 1031 658 qui
1048 609 1185 648 maesti
1206 609 1305 648 inter
1325 609 1383 647 sui
1400 608 1599 647 dissimilis

269 679 307 709 et
328 680 546 710 maerentes
561 674 752 711 sedebant
769 680 807 711 et
823 673 1058 723 contagione
1079 673 1330 723 turpitudinis
1347 675 1600 711 vehementer

222 747 248 784 4
268 738 609 785 permovebar-rtur.
671 737 751 775 Hic
782 745 823 775 ut
853 751 1035 787 quaeque
1062 751 1121 775 res
1148 739 1199 776 ad
1226 737 1434 776 consilium
1464 735 1598 787 primis

268 801 600 850 postulationibus
631 803 881 849 referebatur,
907 802 1146 840 incredibilis
1177 810 1256 840 erat
1287 802 1470 840 severitas
1491 803 1598 839 nulla

267 865 451 904 varietate
483 866 775 904 sententiarum.
838 866 947 904 Nihil
972 866 1197 916 impetrarat
1226 880 1338 904 reus:
1369 868 1456 916 plus
1485 879 1596 904 accu-
1619 880 1659 902 10

267 930 384 968 satori
416 932 583 969 dabatur
614 945 732 981 quam
763 932 987 981 postulabat
1004 946 1012 978 ;
1042 931 1308 981 triumphabat
1340 931 1452 981 (quid
1482 944 1598 980 quae-

266 995 316 1033 ris
333 996 365 1046 ?)
398 996 635 1034 Hortensius
666 1010 707 1034 se
737 996 880 1035 vidisse
910 1004 1092 1044 tantum,
1130 1010 1248 1035 nemo
1279 1004 1358 1034 erat
1388 995 1454 1046 qui
1487 995 1595 1033 illum

266 1073 375 1097 reum
396 1074 441 1098 ac
462 1074 542 1099 non
574 1061 728 1099 miliens
758 1062 1068 1099 condemnatum
1095 1061 1353 1099 arbitraretur.
1415 1062 1484 1098 Me
1505 1074 1596 1098 vero

266 1133 365 1164 teste
386 1127 581 1175 producto
603 1128 721 1165 credo
743 1135 780 1165 te
801 1141 848 1165 ex
868 1127 1152 1165 acclamatione
1175 1126 1291 1165 Clodi
1312 1128 1595 1164 advocatorum

265 1191 422 1229 audisse
439 1204 539 1241 quae
561 1192 827 1230 consurrectio
855 1192 1031 1230 iudicum
1060 1193 1160 1230 facta
1188 1192 1246 1239 sit,
1270 1200 1311 1229 ut
1342 1205 1405 1229 me
1434 1191 1592 1229 circum-
1619 1206 1655 1237 15

266 1256 452 1303 steterint,
485 1264 526 1294 ut
557 1265 689 1306 aperte
722 1257 853 1306 iugula
887 1271 957 1295 sua
990 1271 1060 1307 pro
1095 1271 1185 1295 meo
1219 1257 1346 1306 capite
1379 1259 1420 1294 P.
1451 1256 1595 1296 Clodio

265 1321 507 1359 ostentarint.
567 1323 681 1370 Quae
710 1322 805 1359 mihi
833 1336 892 1361 res
924 1324 1048 1361 multo
1079 1322 1400 1360 honorificentior
1426 1322 1507 1360 visa
1536 1330 1594 1361 est

265 1399 383 1435 quam
404 1394 471 1424 aut
493 1386 566 1432 illa,
584 1401 674 1425 cum
696 1387 819 1425 iurare
841 1387 897 1425 tui
918 1387 1021 1426 cives
1043 1389 1306 1426 Xenocratem
1324 1387 1593 1426 testimonium

264 1450 463 1489 dicentem
494 1451 790 1501 prohibuerunt,
815 1460 881 1490 aut
902 1466 992 1490 cum
1015 1452 1167 1490 tabulas
1194 1452 1345 1490 Metelli
1377 1452 1591 1498 Numidici,

264 1528 354 1552 cum
377 1529 445 1553 eae
467 1523 508 1553 ut
531 1529 616 1554 mos
643 1524 701 1554 est
726 1516 1075 1563 circumferrentur,
1100 1516 1221 1554 nostri
1250 1516 1399 1555 iudices
1419 1516 1593 1566 aspicere
1616 1532 1655 1552 ιο

221 1594 245 1631 5
264 1581 484 1618 noluerunt.
547 1583 677 1619 Multo
703 1583 800 1620 haec
828 1581 988 1631 inquam
1015 1589 1146 1620 nostra
1171 1595 1229 1620 res
1258 1582 1390 1620 maior.
1453 1583 1593 1631 Itaque

264 1644 439 1683 iudicum
462 1645 636 1692 vocibus,
660 1660 750 1684 cum
772 1660 845 1696 ego
870 1646 924 1684 sic
951 1647 1001 1684 ab
1030 1646 1074 1684 iis
1102 1654 1143 1684 ut
1171 1648 1274 1684 salus
1296 1646 1441 1696 patriae
1462 1648 1593 1685 defen-

263 1710 383 1755 derer,
408 1711 551 1748 fractus
582 1725 668 1749 reus
699 1719 736 1749 et
767 1725 845 1749 una
874 1711 1027 1761 patroni
1058 1725 1196 1750 omnes
1227 1711 1512 1759 conciderunt3
1541 1713 1592 1750 ad

263 1788 325 1813 me
363 1782 495 1813 autem
535 1777 674 1814 eadem
715 1776 933 1826 frequentia
971 1776 1158 1826 postridie
1197 1776 1381 1814 convenit
1420 1790 1590 1826 quacum

261 1839 398 1877 abiens
419 1841 625 1878 consulatu
647 1854 733 1877 sum
755 1842 921 1879 domurn
943 1843 1138 1880 reductus,
1199 1842 1380 1879 Clamare
1404 1841 1589 1890 praeclari
1613 1855 1650 1886 25

261 1904 512 1954 Ariopagitae
537 1918 578 1942 se
607 1919 688 1943 non
719 1919 804 1944 esse
826 1914 1012 1944 venturos
1041 1905 1115 1943 nisi
1145 1905 1340 1955 praesidio
1361 1905 1586 1944 constituto.

262 1970 443 2007 Refertur
463 1970 513 2007 ad
535 1970 754 2008 consilium.
817 1973 907 2008 Vna
927 1972 1010 2009 sola
1031 1970 1224 2009 sententia
1249 1970 1486 2020 praesidium
1509 1985 1590 2010 non

260 2033 504 2071 desideravit.
569 2036 751 2073 Defertur
787 2049 845 2074 res
875 2037 925 2074 ad
957 2043 1148 2074 senatum.
1209 2035 1446 2073 Gravissime
1481 2049 1590 2073 orna-

259 2097 486 2147 tissimeque
515 2099 762 2145 decernitur3
793 2101 1001 2137 laudantur
1032 2099 1208 2147 iudices3
1243 2100 1356 2137 datur
1386 2100 1587 2149 negotium

302 2213 320 2239 4
346 2202 488 2232 codicum
515 2206 638 2232 ltu-snm
667 2204 798 2233 retinuit
818 2202 939 2232 Vahlen
971 2205 995 2243 (⁵
1008 2203 1146 2233 Hermes
1157 2202 1164 2214 '
1194 2204 1284 2242 1891,
1312 2213 1366 2242 pp.
1390 2204 1506 2242 161-57
1533 2204 1592 2243 qui

253 2249 353 2285 putat
368 2247 519 2276 aerarius
536 2246 621 2276 idem
647 2246 799 2286 etsornza
813 2250 840 2276 el
856 2247 1088 2287 significatione
1102 2247 1203 2276 valere
1218 2257 1256 2276 ac
1267 2248 1471 2277 nummarius
1488 2259 1494 2278 ε
1522 2258 1587 2278 non

260 2297 325 2318 tarn
343 2290 464 2319 aerarii
485 2295 519 2319 ut
544 2290 759 2328 appellantur
775 2300 874 2328 quam
892 2291 997 2320 aerati
1018 2290 1170 2320 llIuretus
1191 2290 1311 2328 Tyrrcll
1426 2292 1446 2320 6
1471 2296 1588 2329 potue-

258 2338 307 2362 rat
324 2331 513 2362 NHOPM³
532 2344 539 2362 τ
564 2337 696 2371 poterat
713 2332 815 2362 EM¹s
949 2343 965 2371 7
991 2334 1153 2363 mirantes
1171 2333 1311 2372 Madwjg
1466 2344 1505 2363 10
1529 2335 1587 2364 im-

259 2380 406 2413 petrarat
423 2375 509 2405 codd.
531 2375 634 2405 Reid:
662 2377 784 2406 -trabat
802 2376 896 2406 illan.
1007 2386 1039 2405 11
1069 2377 1161 2416 (quid
1180 2377 1314 2415 quaeris
1328 2376 1350 2415 ἲ)
1377 2380 1586 2416 transponen-

257 2418 339 2448 dum
355 2422 429 2448 ante
446 2428 544 2448 nemo
563 2419 641 2450 com'.
663 2418 790 2450 Msillcr.
806 2420 1011 2459 prolnrlu'liler
