1732 2661
213 184 266 220 ΙΙ.
288 184 379 220 xvii
642 186 694 221 M.
729 185 895 222 TVLLI
930 186 1235 223 CICERONIS

231 614 247 640 1

220 1460 244 1487 2

222 2180 246 2217 3

272 295 383 345 quasi
403 297 590 345 ὑποθήκας
609 297 760 334 adferes
777 309 895 345 quern
916 297 966 334 ad
989 297 1151 334 modum
1175 310 1237 334 me
1257 310 1398 346 geram.
1440 295 1602 347 Aliquid

271 374 317 398 ex
337 360 420 398 eius
441 374 623 399 sermone
643 360 859 410 poterimus
879 362 962 410 περὶ
980 364 1051 400 τῶν
1070 362 1166 400 ὅλων
1186 361 1384 411 suspicari.

314 465 475 500 XVIII
522 469 593 500 Ser.
614 469 742 499 Roman
759 480 802 500 m.
821 469 896 500 Iun.
917 470 1036 501 autin.
1057 470 1168 509 Quint.
1190 481 1220 501 a.
1242 471 1299 509 695
1321 469 1408 511 (59).

682 534 858 565 CICERO
890 534 1062 566 ATTICO
1097 536 1191 567 SAL.

322 601 469 652 Accepi
502 602 651 651 aliquot
681 601 867 651 epistulas
899 609 994 647 tuas,
1027 616 1073 640 ex
1106 602 1249 652 quibus
1284 602 1454 641 intellexi
1482 616 1599 652 quam
1623 616 1639 647 5

268 679 459 716 suspenso
489 666 623 704 animo
658 673 694 704 et
727 665 894 704 sollicito
933 666 1029 704 scire
1067 680 1199 705 averes
1231 666 1327 716 quid
1366 674 1467 705 esset
1496 666 1597 705 novi.

267 733 468 771 Tenemur
499 732 675 781 undique
709 745 838 781 neque
871 731 947 769 iam
983 745 1062 782 quo
1093 732 1222 770 minus
1252 732 1464 770 serviamus
1494 745 1601 770 recu-

267 811 409 844 samus,
442 798 511 835 sed
545 805 709 835 mortem
746 806 783 835 et
815 797 1050 836 eiectionem
1083 797 1194 847 quasi
1225 798 1372 836 maiora
1400 797 1595 843 timemus,

266 876 367 912 quae
400 863 524 900 multo
555 870 646 899 sunt
681 861 842 900 minora.
903 864 1036 911 Atque
1068 862 1131 900 hic
1163 870 1285 900 status
1317 861 1385 911 qui
1419 875 1519 898 mmc
1547 866 1603 899 est

266 941 345 965 una
377 940 475 965 voce
506 926 684 965 omnium
723 926 891 977 gemitur
925 940 1054 976 neque
1089 927 1210 965 verbo
1242 927 1476 976 cuiusquam
1511 927 1599 965 sub-
1622 941 1661 964 10

266 993 424 1031 levatur.
487 993 632 1033 Σκοπὸς
662 999 731 1038 est,
764 1000 805 1030 ut
835 992 1022 1042 suspicor,
1057 991 1131 1030 illis
1167 991 1234 1041 qui
1269 999 1413 1037 tenent,
1449 993 1597 1030 nullam

265 1057 448 1107 cuiquam
485 1057 728 1108 largitionem
765 1057 993 1107 relinquere.
1053 1059 1166 1095 Vnus
1201 1056 1372 1106 loquitur
1402 1064 1440 1095 et
1469 1059 1598 1107 palam

264 1125 490 1162 adversatur
509 1124 742 1161 adulescens
765 1122 895 1161 Curio.
959 1122 1067 1161 Huic
1089 1124 1249 1172 plausus
1270 1121 1440 1168 maximi,
1464 1135 1598 1160 consa-

264 1189 402 1227 lutatio
424 1188 586 1227 forensis
618 1188 920 1238 perhonorifica,
942 1188 1052 1238 signa
1078 1195 1278 1238 praeterea
1297 1188 1596 1228 benevolentiae

264 1255 456 1305 permulta
477 1267 500 1292 a
520 1253 634 1292 bonis
662 1252 946 1302 impertiuntur.
1009 1254 1164 1291 Fufium
1190 1252 1427 1291 clamoribus
1448 1261 1486 1291 et
1506 1268 1597 1292 con-
1620 1264 1656 1296 15

263 1319 372 1357 viciis
400 1327 438 1357 et
465 1318 587 1357 sibilis
618 1326 904 1356 consectantur.
968 1318 1045 1356 His
1075 1333 1122 1357 ex
1148 1319 1264 1356 rebus
1295 1331 1375 1356 non
1403 1331 1503 1368 spes,
1527 1320 1596 1357 sed

263 1386 376 1423 dolor
407 1392 463 1422 est
496 1383 618 1421 maior
652 1396 742 1421 cum
772 1383 906 1422 videas
940 1383 1107 1421 civitatis
1138 1384 1381 1421 voluntatem
1413 1385 1593 1431 solutam,

264 1449 445 1487 virtutem
476 1449 698 1498 adligatam.
759 1451 819 1486 Ac
851 1462 901 1487 ne
934 1450 1032 1487 forte
1063 1462 1227 1498 quaeras
1260 1450 1352 1487 κατὰ
1380 1451 1517 1488 λεπτὸν
1545 1451 1595 1488 de

263 1514 424 1564 singulis
453 1514 580 1559 rebus,
603 1513 783 1552 universa
810 1527 869 1551 res
897 1527 944 1552 eo
972 1521 1029 1552 est
1054 1515 1227 1552 deducta
1248 1526 1336 1563 spes
1357 1521 1399 1551 ut
1419 1515 1526 1552 nulla
1546 1514 1593 1552 sit

262 1579 474 1629 aliquando
522 1592 602 1616 non
648 1579 769 1616 modo
808 1578 978 1628 privatos
1018 1592 1152 1616 verum
1191 1577 1308 1616 etiam
1348 1578 1593 1628 magistratus
1615 1590 1654 1611 20

263 1645 406 1683 liberos
433 1645 524 1682 fore.
586 1644 675 1680 Hac
700 1651 832 1681 tamen
858 1643 897 1681 in
928 1643 1184 1693 oppressione
1213 1656 1341 1681 sermo
1370 1643 1410 1680 in
1440 1643 1593 1682 circulis

263 1711 465 1749 dumtaxat
494 1716 532 1746 et
563 1708 602 1746 in
637 1708 826 1746 conviviis
857 1716 915 1747 est
945 1708 1101 1747 liberior
1134 1721 1252 1758 quam
1284 1708 1366 1746 fuit.
1426 1708 1594 1747 Vincere

264 1775 400 1825 incipit
430 1774 611 1812 timorem
649 1775 773 1820 dolor,
810 1775 880 1812 sed
915 1774 968 1812 ita
1003 1782 1044 1811 ut
1085 1773 1219 1812 omnia
1258 1773 1335 1811 sint
1369 1773 1596 1823 plenissima

264 1839 557 1890 desperationis.
619 1839 754 1877 Habet
776 1838 894 1877 etiam
918 1840 1123 1889 Campana
1144 1840 1204 1876 lex
1226 1837 1532 1876 exsecrationem
1555 1837 1594 1875 in

264 1904 449 1944 contione
483 1903 795 1951 candidatorum,
833 1903 864 1941 si
901 1903 1144 1942 mentionem
1176 1902 1338 1941 fecerint
1372 1916 1451 1952 quo
1485 1902 1595 1941 aliter
1617 1916 1653 1949 ²5

263 1983 353 2020 ager
379 1968 624 2019 possideatur
653 1976 772 2018 atque
794 1976 835 2007 ut
857 1982 903 2007 ex
923 1968 1075 2018 legibus
1108 1967 1228 2006 Iuliis.
1289 1969 1382 2005 Non
1412 1967 1595 2005 dubitant

264 2035 388 2073 iurare
428 2033 572 2079 ceteri;
622 2033 844 2072 Laterensis
886 2033 1128 2072 existimatur
1166 2034 1270 2070 laute
1310 2031 1447 2070 fecisse
1485 2033 1593 2082 quod

265 2100 505 2139 tribunatum
535 2101 584 2149 pl.
617 2108 749 2150 petere
779 2099 928 2138 destitit
958 2113 1007 2137 ne
1037 2098 1187 2137 iuraret.

320 2167 397 2204 Sed
431 2166 480 2203 de
512 2179 551 2203 re
583 2165 741 2214 publica
773 2178 853 2202 non
888 2164 983 2202 libet
1013 2165 1123 2213 plura
1153 2162 1330 2201 scribere.
1393 2162 1593 2212 Displiceo

308 2280 329 2308 9
353 2270 405 2299 hic
424 2274 532 2299 status
548 2270 604 2308 qui
625 2278 712 2298 nunc
730 2273 781 2298 cst
804 2267 991 2307 Wsenlwg
1015 2267 1082 2297 coll.
1099 2277 1145 2305 19.
1161 2277 1179 2296 2
1196 2278 1202 2296 ε
1227 2277 1292 2296 οιιι.
1310 2277 1396 2296 nunc
1414 2271 1466 2296 est
1484 2266 1563 2296 codd
1585 2278 1591 2296 :

266 2313 318 2343 hic
337 2318 444 2343 status
461 2314 556 2351 quasi
578 2312 730 2342 Schiche:
755 2311 808 2341 hic
834 2316 885 2340 est
910 2316 1017 2341 status
1040 2310 1095 2349 qui
1121 2309 1214 2340 Boot.
1264 2309 1389 2339 Locum
1406 2311 1450 2339 ita
1468 2310 1595 2348 mfingit

267 2357 352 2387 Reid
373 2357 501 2386 minora
525 2366 623 2394 quam
652 2357 730 2395 (pro
753 2354 869 2393 atque)
886 2354 940 2383 hic
965 2358 1071 2384 status
1094 2354 1149 2392 qui
1329 2354 1366 2383 18
1391 2354 1432 2383 de
1450 2353 1592 2391 singulis

268 2401 367 2430 rebus
378 2400 445 2430 secl.
462 2399 663 2429 Bentivolius
751 2407 802 2435 24,
817 2406 858 2435 25
883 2396 970 2427 codd.
987 2396 1105 2426 habent
1121 2397 1154 2426 in
1173 2397 1332 2426 contione
1346 2400 1423 2436 post
1438 2406 1590 2426 exsecra—

268 2444 396 2474 tionem
415 2447 496 2479 recte,
518 2446 555 2472 ut
570 2441 716 2472 videtur:
741 2439 984 2481 lmnsponenda
1004 2450 1067 2470 esse
1087 2443 1161 2470 ante
1182 2441 1388 2470 mentionem
1409 2439 1595 2480 suspicatur

269 2487 360 2525 Boot,
380 2491 452 2526 post
468 2485 672 2516 mentionem
692 2483 815 2515 Mt't'llcr
