1732 2661
586 186 696 222 EPP.
730 186 807 222 AD
838 184 1097 223 ATTICVM
1445 185 1498 223 II.
1518 185 1594 222 viii

221 346 338 382 VIII
485 348 553 382 Ser.
575 350 665 380 Anti
679 351 784 382 medio
802 362 846 381 m.
865 351 950 392 Apr.
972 362 1002 383 a.
1024 353 1082 392 695
1101 351 1186 393 (59).

572 439 744 471 CICERO
774 440 956 472 ATTICO
988 439 1094 472 SAL.

234 527 454 578 Epistulam
479 542 569 567 curn
600 542 623 566 a
650 537 687 567 te
714 529 828 567 avide
854 537 1120 579 exspectarem
1148 530 1199 568 ad
1227 541 1445 579 vesperum,
1468 536 1509 567 ut
1531 536 1547 562 1

178 594 297 641 soleo,
314 607 406 632 ecce
427 593 497 631 tibi
519 594 679 632 nuntius
701 608 843 644 pueros
856 594 1009 633 venisse
1028 597 1181 633 Roma!
1220 597 1345 641 Voco,
1364 608 1511 645 quaero

140 670 156 700 5
179 658 322 708 ecquid
346 659 570 697 litterarum.
632 661 800 709 Negant.
863 660 994 709 ‘Quid
1015 660 1122 698 ais?’
1150 660 1311 710 inquam
1334 663 1343 679 ‘
1361 660 1511 698 nihilne

176 737 199 762 a
220 724 497 774 Pomponio?'
556 725 751 763 Perterriti
786 739 882 763 voce
917 733 954 764 et
988 727 1097 763 vultu
1136 725 1305 764 confessi
1345 733 1435 763 sunt
1469 739 1511 763 se

175 790 375 840 accepisse
405 791 475 829 sed
506 791 697 829 excidisse
728 791 766 828 in
792 791 862 829 via.
924 791 1033 840 Quid
1063 791 1246 841 quaeris?
1275 792 1511 840 permoleste

175 854 271 902 tuli3
300 857 407 893 nulla
428 855 533 893 enim
554 856 626 893 abs
648 864 686 894 te
707 869 775 906 per
796 857 867 894 hos
889 856 973 895 dies
990 856 1156 906 epistula
1172 856 1298 894 inanis
1320 856 1451 906 aliqua
1470 870 1511 894 re

176 920 259 958 utili
284 928 322 959 et
349 921 456 959 suavi
483 930 652 959 venerat.
724 923 843 959 Nunc
875 921 906 960 si
934 921 1029 972 quid
1054 922 1093 959 in
1121 935 1167 961 ea
1196 921 1361 972 epistula
1391 935 1510 972 quam

119 997 157 1020 10
175 993 267 1024 ante
288 985 394 1024 diem
415 998 486 1024 xvi
514 988 600 1024 Kal.
623 986 750 1024 Maias
768 987 912 1025 dedisti
926 987 997 1025 fuit
1014 987 1175 1025 historia
1190 987 1367 1037 dignum,
1385 987 1511 1025 scribe

175 1064 295 1101 quarn
316 1051 501 1101 primum,
522 1066 571 1090 ne
602 1052 850 1102 ignoremus,
881 1052 940 1090 sin
967 1052 1065 1091 nihil
1086 1060 1237 1103 praeter
1258 1052 1506 1099 iocationem,

175 1117 296 1154 redde
316 1117 356 1154 id
378 1116 518 1167 ipsum.

228 1183 279 1219 Et
301 1181 399 1219 scito
415 1182 629 1220 Curionem
648 1183 945 1221 adulescentem
962 1183 1116 1222 venisse
1133 1184 1183 1222 ad
1199 1196 1261 1221 me
1284 1184 1505 1221 salutatum.

174 1247 301 1285 Valde
329 1246 411 1285 eius
439 1260 568 1285 sermo
598 1248 648 1285 de
679 1248 821 1286 Publio
852 1262 942 1286 curn
971 1248 1046 1286 tuis
1076 1248 1211 1286 litteris
1243 1248 1508 1297 congruebat;

117 1323 152 1354 15
174 1311 256 1361 ipse
291 1325 382 1349 vero
418 1311 640 1350 mirandum
681 1312 720 1349 in
760 1313 924 1351 modum
962 1316 1092 1363 ‘reges
1128 1313 1258 1351 odisse
1293 1313 1508 1362 superbos.'

175 1378 375 1426 Peraeque
409 1377 591 1415 narrabat
621 1376 823 1415 incensam
856 1390 941 1415 esse
973 1377 1217 1416 iuventutem
1250 1391 1379 1427 neque
1411 1379 1508 1415 ferre

172 1443 269 1479 haec
290 1455 416 1491 posse.
479 1444 587 1480 Bene
609 1442 802 1480 habemus
827 1456 909 1489 nos,
934 1442 965 1481 si
990 1442 1030 1480 in
1052 1443 1111 1481 his
1133 1456 1221 1492 spes
1242 1451 1323 1481 est:
1354 1442 1505 1493 opinor,

171 1506 279 1544 aliud
302 1520 474 1556 agamus.
536 1508 622 1556 Ego
650 1521 713 1545 me
738 1508 791 1545 do
816 1507 1027 1553 historiae3
1057 1521 1298 1558 quamquam
1327 1508 1417 1546 licet
1445 1521 1508 1546 me

173 1571 373 1609 Saufeium
397 1580 509 1621 putes
531 1585 626 1610 esse.
688 1571 797 1609 Nihil
819 1586 882 1610 me
903 1580 961 1611 est
981 1572 1152 1611 inertius.

113 1653 153 1674 20
227 1639 305 1676 Sed
340 1651 536 1688 cognosce
567 1637 706 1676 itinera
738 1646 879 1684 nostra,
904 1646 945 1676 ut
978 1646 1123 1676 statuas
1154 1638 1222 1677 ubi
1255 1652 1327 1678 nos
1357 1639 1507 1677 visurus
1528 1649 1553 1678 2

172 1703 234 1742 sis.
296 1705 343 1741 In
371 1703 624 1742 Formianum
656 1705 837 1741 volumus
868 1703 999 1741 venire
1031 1703 1247 1751 Parilibus;
1287 1704 1393 1747 inde,
1414 1718 1508 1754 quo-

172 1769 275 1808 niam
298 1779 411 1820 putas
434 1769 825 1820 praetermittendum
854 1769 969 1807 nobis
997 1782 1081 1807 esse
1109 1770 1184 1807 hoc
1214 1777 1392 1819 tempore
1418 1770 1508 1809 Cra-

170 1842 251 1874 tera
272 1836 380 1874 illum
402 1837 626 1884 delicatum,
646 1838 733 1874 Kal.
754 1836 870 1874 Maiis
894 1837 944 1874 de
968 1835 1179 1873 Formiano
1200 1834 1504 1884 proficiscemur,

170 1908 212 1938 ut
250 1901 345 1939 Anti
380 1901 501 1940 simus
535 1915 567 1940 a.
605 1904 641 1940 d.
680 1913 704 1938 v
740 1903 876 1939 Nonas
914 1901 1052 1939 Maias.
1124 1900 1227 1938 Ludi
1267 1900 1372 1938 enim
1410 1900 1506 1938 Anti

112 1978 149 2009 25
171 1966 287 2004 futuri
310 1975 399 2005 sunt
420 1981 443 2005 a
465 1979 527 2004 1111
553 1969 604 2005 ad
629 1981 682 2017 pr.
709 1968 846 2005 Nonas
877 1967 1015 2004 Maias.
1077 1968 1157 2004 Eos
1179 1966 1310 2004 Tullia
1330 1973 1505 2015 spectare

170 2032 262 2068 vult.
306 2033 407 2070 Inde
424 2031 554 2081 cogito
575 2031 614 2069 in
636 2033 919 2077 Tusculanum,
939 2031 1084 2070 deinde
1101 2031 1308 2081 Arpinum,
1334 2033 1504 2069 Romam

169 2097 220 2133 ad
243 2098 330 2134 Kal.
357 2097 501 2135 Iunias.
561 2098 620 2134 Te
649 2104 716 2134 aut
744 2096 783 2134 in
813 2096 1024 2134 Formiano
1054 2105 1121 2134 aut
1150 2096 1245 2134 Anti
1269 2104 1335 2134 aut
1363 2096 1402 2133 in
1427 2098 1505 2134 Tu-

169 2162 331 2199 sculano
362 2175 453 2199 cura
481 2168 522 2199 ut
552 2161 766 2199 videamus.
828 2160 1048 2210 Epistulam
1076 2161 1317 2211 superiorem
1345 2160 1504 2200 restitue

169 2225 283 2263 nobis
305 2233 341 2263 et
362 2226 532 2276 appinge
552 2225 701 2274 aliquid
724 2225 825 2263 novi.

517 2339 558 2367 23
585 2328 765 2359 delicatum
783 2327 822 2358 Zl
838 2339 844 2359 ε
873 2329 1063 2368 delegatum
1081 2329 1133 2360 M¹
