<?xml version="1.0" encoding="UTF-8"?>
<!DOCTYPE html PUBLIC "-//W3C//DTD XHTML 1.0 Transitional//EN"
    "http://www.w3.org/TR/xhtml1/DTD/xhtml1-transitional.dtd">
<html xmlns="http://www.w3.org/1999/xhtml" xml:lang="en" lang="en">
 <head>
  <title>
</title>
<meta http-equiv="Content-Type" content="text/html;charset=utf-8" />
  <meta name='ocr-system' content='tesseract 3.04.00' />
  <meta name='ocr-capabilities' content='ocr_page ocr_carea ocr_par ocr_line ocrx_word'/>
</head>
<body>
  <div class='ocr_page' id='page_1' title='image "./p1epistulaerecog02ciceuoft_0258.png"; bbox 0 0 1773 2651; ppageno 0'>
   <div class='ocr_carea' id='block_1_1' title="bbox 132 191 1242 231">
    <p class='ocr_par' dir='ltr' id='par_1_1' title="bbox 132 191 1242 231">
     <span class='ocr_line' id='line_1_1' title="bbox 132 191 1242 231; baseline 0.002 -3"><span class='ocrx_word' id='word_1_1' title='bbox 132 191 323 229; x_wconf 79' lang='lat' dir='ltr'>V11.xxi</span> <span class='ocrx_word' id='word_1_2' title='bbox 640 194 696 231; x_wconf 88' lang='lat' dir='ltr'>M.</span> <span class='ocrx_word' id='word_1_3' title='bbox 731 194 900 230; x_wconf 66' lang='lat' dir='ltr'>TVLLI</span> <span class='ocrx_word' id='word_1_4' title='bbox 934 192 1242 231; x_wconf 89' lang='lat' dir='ltr'>CICERONIS</span> 
     </span>
    </p>
   </div>
   <div class='ocr_carea' id='block_1_2' title="bbox 322 350 1391 467">
    <p class='ocr_par' dir='ltr' id='par_1_2' title="bbox 322 350 1391 467">
     <span class='ocr_line' id='line_1_2' title="bbox 322 350 1391 395; baseline 0.001 -11"><span class='ocrx_word' id='word_1_5' title='bbox 322 350 431 385; x_wconf 87' lang='lat' dir='ltr'>XXI</span> <span class='ocrx_word' id='word_1_6' title='bbox 501 355 571 386; x_wconf 77' lang='lat' dir='ltr'>Ser.</span> <span class='ocrx_word' id='word_1_7' title='bbox 593 355 725 386; x_wconf 74' lang='lat' dir='ltr'>Calibus</span> <span class='ocrx_word' id='word_1_8' title='bbox 743 355 775 385; x_wconf 78' lang='lat' dir='ltr'>vi</span> <span class='ocrx_word' id='word_1_9' title='bbox 789 355 839 385; x_wconf 83' lang='lat' dir='ltr'>Id.</span> <span class='ocrx_word' id='word_1_10' title='bbox 861 355 948 385; x_wconf 68' lang='lat' dir='ltr'>Febr.</span> <span class='ocrx_word' id='word_1_11' title='bbox 969 358 1043 386; x_wconf 74' lang='lat' dir='ltr'>aule</span> <span class='ocrx_word' id='word_1_12' title='bbox 1059 355 1162 385; x_wconf 79' lang='lat' dir='ltr'>lucem</span> <span class='ocrx_word' id='word_1_13' title='bbox 1179 365 1212 385; x_wconf 80' lang='lat' dir='ltr'>a.</span> <span class='ocrx_word' id='word_1_14' title='bbox 1232 365 1287 394; x_wconf 79' lang='lat'>705</span> <span class='ocrx_word' id='word_1_15' title='bbox 1305 355 1391 395; x_wconf 74' lang='lat'>(49).</span> 
     </span>
     <span class='ocr_line' id='line_1_3' title="bbox 687 436 1200 467; baseline 0 0"><span class='ocrx_word' id='word_1_16' title='bbox 687 437 862 467; x_wconf 68' lang='lat' dir='ltr'>CICERO</span> <span class='ocrx_word' id='word_1_17' title='bbox 896 436 1070 467; x_wconf 69' lang='lat' dir='ltr'>ATTICO</span> <span class='ocrx_word' id='word_1_18' title='bbox 1104 436 1200 467; x_wconf 80' lang='lat' dir='ltr'>SAL.</span> 
     </span>
    </p>
   </div>
   <div class='ocr_carea' id='block_1_3' title="bbox 234 517 1675 2324">
    <p class='ocr_par' dir='ltr' id='par_1_3' title="bbox 244 517 1675 1478">
     <span class='ocr_line' id='line_1_4' title="bbox 244 517 1611 569; baseline -0.001 -11"><span class='ocrx_word' id='word_1_19' title='bbox 244 531 261 558; x_wconf 93' lang='lat'>1</span> <span class='ocrx_word' id='word_1_20' title='bbox 336 521 396 557; x_wconf 89' lang='lat' dir='ltr'>De</span> <span class='ocrx_word' id='word_1_21' title='bbox 428 520 538 558; x_wconf 88' lang='lat' dir='ltr'>malis</span> <span class='ocrx_word' id='word_1_22' title='bbox 569 519 710 558; x_wconf 84' lang='lat' dir='ltr'>nostris</span> <span class='ocrx_word' id='word_1_23' title='bbox 741 528 781 557; x_wconf 93' lang='lat' dir='ltr'>tu</span> <span class='ocrx_word' id='word_1_24' title='bbox 807 519 912 569; x_wconf 90' lang='lat' dir='ltr'>prius</span> <span class='ocrx_word' id='word_1_25' title='bbox 936 519 1048 558; x_wconf 90' lang='lat' dir='ltr'>audis</span> <span class='ocrx_word' id='word_1_26' title='bbox 1076 533 1195 569; x_wconf 89' lang='lat' dir='ltr'>quarn</span> <span class='ocrx_word' id='word_1_27' title='bbox 1221 532 1305 569; x_wconf 84' lang='lat' dir='ltr'>ego.</span> <span class='ocrx_word' id='word_1_28' title='bbox 1365 517 1478 557; x_wconf 89' lang='lat' dir='ltr'>Istim</span> <span class='ocrx_word' id='word_1_29' title='bbox 1505 517 1611 557; x_wconf 87' lang='lat' dir='ltr'>enim</span> 
     </span>
     <span class='ocr_line' id='line_1_5' title="bbox 279 582 1612 634; baseline -0.002 -12"><span class='ocrx_word' id='word_1_30' title='bbox 279 593 475 622; x_wconf 86' lang='lat' dir='ltr'>emanant.</span> <span class='ocrx_word' id='word_1_31' title='bbox 537 584 639 622; x_wconf 87' lang='lat' dir='ltr'>Boni</span> <span class='ocrx_word' id='word_1_32' title='bbox 659 592 791 622; x_wconf 89' lang='lat' dir='ltr'>autem</span> <span class='ocrx_word' id='word_1_33' title='bbox 814 584 906 622; x_wconf 90' lang='lat' dir='ltr'>hinc</span> <span class='ocrx_word' id='word_1_34' title='bbox 927 586 1034 633; x_wconf 89' lang='lat' dir='ltr'>quod</span> <span class='ocrx_word' id='word_1_35' title='bbox 1053 591 1258 634; x_wconf 73' lang='lat' dir='ltr'><strong>exspectes</strong></span> <span class='ocrx_word' id='word_1_36' title='bbox 1280 582 1376 621; x_wconf 86' lang='lat' dir='ltr'>nihil</span> <span class='ocrx_word' id='word_1_37' title='bbox 1399 590 1468 621; x_wconf 91' lang='lat' dir='ltr'>est.</span> <span class='ocrx_word' id='word_1_38' title='bbox 1507 582 1612 621; x_wconf 89' lang='lat' dir='ltr'>Veni</span> 
     </span>
     <span class='ocr_line' id='line_1_6' title="bbox 280 647 1650 699; baseline -0.001 -13"><span class='ocrx_word' id='word_1_39' title='bbox 280 650 459 699; x_wconf 88' lang='lat' dir='ltr'>Capuam</span> <span class='ocrx_word' id='word_1_40' title='bbox 481 650 531 686; x_wconf 88' lang='lat' dir='ltr'>ad</span> <span class='ocrx_word' id='word_1_41' title='bbox 554 650 692 686; x_wconf 91' lang='lat' dir='ltr'>Nonas</span> <span class='ocrx_word' id='word_1_42' title='bbox 715 649 826 686; x_wconf 82' lang='lat' dir='ltr'><strong>Febr.</strong></span> <span class='ocrx_word' id='word_1_43' title='bbox 850 648 903 686; x_wconf 90' lang='lat' dir='ltr'>ita</span> <span class='ocrx_word' id='word_1_44' title='bbox 930 656 971 686; x_wconf 88' lang='lat' dir='ltr'>ut</span> <span class='ocrx_word' id='word_1_45' title='bbox 998 649 1189 686; x_wconf 89' lang='lat' dir='ltr'>iusserant</span> <span class='ocrx_word' id='word_1_46' title='bbox 1209 649 1404 686; x_wconf 88' lang='lat' dir='ltr'>consules.</span> <span class='ocrx_word' id='word_1_47' title='bbox 1466 649 1527 685; x_wconf 92' lang='lat' dir='ltr'>Eo</span> <span class='ocrx_word' id='word_1_48' title='bbox 1547 647 1612 686; x_wconf 89' lang='lat' dir='ltr'>die</span> <span class='ocrx_word' id='word_1_49' title='bbox 1633 665 1650 695; x_wconf 83' lang='lat'>5</span> 
     </span>
     <span class='ocr_line' id='line_1_7' title="bbox 279 713 1612 751; baseline -0.002 0"><span class='ocrx_word' id='word_1_50' title='bbox 279 715 471 751; x_wconf 77' lang='lat' dir='ltr'>Lentulus</span> <span class='ocrx_word' id='word_1_51' title='bbox 503 713 609 751; x_wconf 80' lang='lat' dir='ltr'>venit</span> <span class='ocrx_word' id='word_1_52' title='bbox 648 727 744 751; x_wconf 88' lang='lat' dir='ltr'>sero.</span> <span class='ocrx_word' id='word_1_53' title='bbox 806 715 916 751; x_wconf 79' lang='lat' dir='ltr'>Alter</span> <span class='ocrx_word' id='word_1_54' title='bbox 954 714 1092 751; x_wconf 86' lang='lat' dir='ltr'>consul</span> <span class='ocrx_word' id='word_1_55' title='bbox 1132 713 1296 751; x_wconf 89' lang='lat' dir='ltr'>omnino</span> <span class='ocrx_word' id='word_1_56' title='bbox 1335 726 1416 750; x_wconf 89' lang='lat' dir='ltr'>non</span> <span class='ocrx_word' id='word_1_57' title='bbox 1454 719 1612 750; x_wconf 81' lang='lat' dir='ltr'>venerat</span> 
     </span>
     <span class='ocr_line' id='line_1_8' title="bbox 279 776 1613 828; baseline -0.001 -12"><span class='ocrx_word' id='word_1_58' title='bbox 279 791 336 816; x_wconf 85' lang='lat' dir='ltr'>V11</span> <span class='ocrx_word' id='word_1_59' title='bbox 360 780 468 817; x_wconf 85' lang='lat' dir='ltr'>Idus.</span> <span class='ocrx_word' id='word_1_60' title='bbox 529 781 589 817; x_wconf 87' lang='lat' dir='ltr'>Eo</span> <span class='ocrx_word' id='word_1_61' title='bbox 614 779 720 817; x_wconf 88' lang='lat' dir='ltr'>enim</span> <span class='ocrx_word' id='word_1_62' title='bbox 746 779 810 817; x_wconf 89' lang='lat' dir='ltr'>die</span> <span class='ocrx_word' id='word_1_63' title='bbox 840 792 913 828; x_wconf 83' lang='lat' dir='ltr'>ego</span> <span class='ocrx_word' id='word_1_64' title='bbox 942 780 1081 828; x_wconf 80' lang='lat' dir='ltr'>Capua</span> <span class='ocrx_word' id='word_1_65' title='bbox 1110 778 1270 816; x_wconf 79' lang='lat' dir='ltr'>discessi</span> <span class='ocrx_word' id='word_1_66' title='bbox 1299 786 1336 816; x_wconf 88' lang='lat' dir='ltr'>et</span> <span class='ocrx_word' id='word_1_67' title='bbox 1362 777 1488 815; x_wconf 87' lang='lat' dir='ltr'>mansi</span> <span class='ocrx_word' id='word_1_68' title='bbox 1514 776 1613 816; x_wconf 91' lang='lat' dir='ltr'>Cali-</span> 
     </span>
     <span class='ocr_line' id='line_1_9' title="bbox 279 842 1612 893; baseline -0.002 -12"><span class='ocrx_word' id='word_1_69' title='bbox 279 844 363 882; x_wconf 85' lang='lat' dir='ltr'>bus.</span> <span class='ocrx_word' id='word_1_70' title='bbox 426 845 525 882; x_wconf 90' lang='lat' dir='ltr'>Inde</span> <span class='ocrx_word' id='word_1_71' title='bbox 556 845 627 882; x_wconf 90' lang='lat' dir='ltr'>has</span> <span class='ocrx_word' id='word_1_72' title='bbox 657 844 802 882; x_wconf 76' lang='lat' dir='ltr'>litteras</span> <span class='ocrx_word' id='word_1_73' title='bbox 833 843 1021 893; x_wconf 79' lang='lat' dir='ltr'>postridie</span> <span class='ocrx_word' id='word_1_74' title='bbox 1052 851 1144 881; x_wconf 87' lang='lat' dir='ltr'>ante</span> <span class='ocrx_word' id='word_1_75' title='bbox 1176 844 1304 881; x_wconf 88' lang='lat' dir='ltr'>lucem</span> <span class='ocrx_word' id='word_1_76' title='bbox 1332 842 1436 881; x_wconf 90' lang='lat' dir='ltr'>dedi.</span> <span class='ocrx_word' id='word_1_77' title='bbox 1498 844 1612 880; x_wconf 89' lang='lat' dir='ltr'>Haec</span> 
     </span>
     <span class='ocr_line' id='line_1_10' title="bbox 280 907 1614 959; baseline -0.002 -12"><span class='ocrx_word' id='word_1_78' title='bbox 280 909 441 959; x_wconf 78' lang='lat' dir='ltr'>Capuae</span> <span class='ocrx_word' id='word_1_79' title='bbox 471 910 566 946; x_wconf 88' lang='lat' dir='ltr'>dum</span> <span class='ocrx_word' id='word_1_80' title='bbox 597 909 651 946; x_wconf 91' lang='lat' dir='ltr'>fui</span> <span class='ocrx_word' id='word_1_81' title='bbox 682 908 861 958; x_wconf 82' lang='lat' dir='ltr'>cognovi,</span> <span class='ocrx_word' id='word_1_82' title='bbox 893 907 990 945; x_wconf 83' lang='lat' dir='ltr'>nihil</span> <span class='ocrx_word' id='word_1_83' title='bbox 1025 908 1063 945; x_wconf 91' lang='lat' dir='ltr'>in</span> <span class='ocrx_word' id='word_1_84' title='bbox 1099 907 1339 954; x_wconf 88' lang='lat' dir='ltr'>consulibus,</span> <span class='ocrx_word' id='word_1_85' title='bbox 1372 908 1524 945; x_wconf 91' lang='lat' dir='ltr'>nullum</span> <span class='ocrx_word' id='word_1_86' title='bbox 1554 920 1614 944; x_wconf 93' lang='lat' dir='ltr'>us-</span> 
     </span>
     <span class='ocr_line' id='line_1_11' title="bbox 278 973 1675 1023; baseline 0.001 -12"><span class='ocrx_word' id='word_1_87' title='bbox 278 986 396 1023; x_wconf 91' lang='lat' dir='ltr'>quam</span> <span class='ocrx_word' id='word_1_88' title='bbox 430 974 630 1013; x_wconf 87' lang='lat' dir='ltr'>dilectum.</span> <span class='ocrx_word' id='word_1_89' title='bbox 710 976 796 1012; x_wconf 92' lang='lat' dir='ltr'>Nec</span> <span class='ocrx_word' id='word_1_90' title='bbox 828 973 933 1012; x_wconf 91' lang='lat' dir='ltr'>enim</span> <span class='ocrx_word' id='word_1_91' title='bbox 969 973 1256 1023; x_wconf 84' lang='lat' dir='ltr'>conquisitores</span> <span class='ocrx_word' id='word_1_92' title='bbox 1291 975 1615 1022; x_wconf 79' lang='grc' dir='ltr'>φαινοπροσωπεῖν</span> <span class='ocrx_word' id='word_1_93' title='bbox 1636 991 1675 1013; x_wconf 81' lang='lat'>10</span> 
     </span>
     <span class='ocr_line' id='line_1_12' title="bbox 277 1037 1611 1088; baseline -0.002 -11"><span class='ocrx_word' id='word_1_94' title='bbox 277 1040 425 1077; x_wconf 90' lang='lat' dir='ltr'>audent</span> <span class='ocrx_word' id='word_1_95' title='bbox 457 1053 547 1077; x_wconf 87' lang='lat' dir='ltr'>cum</span> <span class='ocrx_word' id='word_1_96' title='bbox 578 1039 642 1077; x_wconf 93' lang='lat' dir='ltr'>ille</span> <span class='ocrx_word' id='word_1_97' title='bbox 671 1039 783 1085; x_wconf 86' lang='lat' dir='ltr'>adsit,</span> <span class='ocrx_word' id='word_1_98' title='bbox 817 1047 1033 1088; x_wconf 74' lang='lat' dir='ltr'>contraque</span> <span class='ocrx_word' id='word_1_99' title='bbox 1063 1046 1195 1076; x_wconf 89' lang='lat' dir='ltr'>noster</span> <span class='ocrx_word' id='word_1_100' title='bbox 1225 1039 1303 1076; x_wconf 85' lang='lat' dir='ltr'>dux</span> <span class='ocrx_word' id='word_1_101' title='bbox 1329 1050 1523 1087; x_wconf 78' lang='lat' dir='ltr'>nusquam</span> <span class='ocrx_word' id='word_1_102' title='bbox 1551 1037 1611 1084; x_wconf 89' lang='lat' dir='ltr'>sit,</span> 
     </span>
     <span class='ocr_line' id='line_1_13' title="bbox 278 1103 1613 1154; baseline -0.001 -13"><span class='ocrx_word' id='word_1_103' title='bbox 278 1104 375 1141; x_wconf 88' lang='lat' dir='ltr'>nihil</span> <span class='ocrx_word' id='word_1_104' title='bbox 407 1113 506 1154; x_wconf 73' lang='lat' dir='ltr'>agat,</span> <span class='ocrx_word' id='word_1_105' title='bbox 539 1118 612 1142; x_wconf 90' lang='lat' dir='ltr'>nec</span> <span class='ocrx_word' id='word_1_106' title='bbox 645 1104 806 1143; x_wconf 92' lang='lat' dir='ltr'>nomina</span> <span class='ocrx_word' id='word_1_107' title='bbox 840 1105 946 1142; x_wconf 88' lang='lat' dir='ltr'>dant.</span> <span class='ocrx_word' id='word_1_108' title='bbox 1010 1103 1154 1142; x_wconf 87' lang='lat' dir='ltr'>Deficit</span> <span class='ocrx_word' id='word_1_109' title='bbox 1184 1103 1289 1141; x_wconf 91' lang='lat' dir='ltr'>enim</span> <span class='ocrx_word' id='word_1_110' title='bbox 1322 1116 1402 1140; x_wconf 90' lang='lat' dir='ltr'>non</span> <span class='ocrx_word' id='word_1_111' title='bbox 1432 1104 1613 1140; x_wconf 85' lang='lat' dir='ltr'>voluntas</span> 
     </span>
     <span class='ocr_line' id='line_1_14' title="bbox 279 1166 1614 1220; baseline -0.002 -13"><span class='ocrx_word' id='word_1_112' title='bbox 279 1171 347 1208; x_wconf 87' lang='lat' dir='ltr'>sed</span> <span class='ocrx_word' id='word_1_113' title='bbox 365 1183 464 1220; x_wconf 79' lang='lat' dir='ltr'>spes.</span> <span class='ocrx_word' id='word_1_114' title='bbox 525 1172 686 1208; x_wconf 87' lang='lat' dir='ltr'>Gnaeus</span> <span class='ocrx_word' id='word_1_115' title='bbox 707 1178 839 1208; x_wconf 86' lang='lat' dir='ltr'>autem</span> <span class='ocrx_word' id='word_1_116' title='bbox 862 1178 995 1208; x_wconf 90' lang='lat' dir='ltr'>noster</span> <span class='ocrx_word' id='word_1_117' title='bbox 1013 1169 1057 1219; x_wconf 81' lang='lat' dir='ltr'>(o</span> <span class='ocrx_word' id='word_1_118' title='bbox 1079 1182 1160 1207; x_wconf 90' lang='lat' dir='ltr'>rem</span> <span class='ocrx_word' id='word_1_119' title='bbox 1190 1168 1370 1206; x_wconf 85' lang='lat' dir='ltr'>miseram</span> <span class='ocrx_word' id='word_1_120' title='bbox 1393 1175 1430 1206; x_wconf 90' lang='lat' dir='ltr'>et</span> <span class='ocrx_word' id='word_1_121' title='bbox 1450 1166 1614 1205; x_wconf 88' lang='lat' dir='ltr'>incredi-</span> 
     </span>
     <span class='ocr_line' id='line_1_15' title="bbox 279 1231 1613 1285; baseline -0.003 -13"><span class='ocrx_word' id='word_1_122' title='bbox 279 1235 398 1273; x_wconf 90' lang='lat' dir='ltr'>bilem</span> <span class='ocrx_word' id='word_1_123' title='bbox 418 1235 442 1285; x_wconf 73' lang='grc' dir='ltr'>Σ)</span> <span class='ocrx_word' id='word_1_124' title='bbox 473 1243 514 1273; x_wconf 90' lang='lat' dir='ltr'>ut</span> <span class='ocrx_word' id='word_1_125' title='bbox 545 1243 649 1273; x_wconf 85' lang='lat' dir='ltr'>totus</span> <span class='ocrx_word' id='word_1_126' title='bbox 680 1235 802 1273; x_wconf 77' lang='lat' dir='ltr'>iacet!</span> <span class='ocrx_word' id='word_1_127' title='bbox 862 1236 954 1273; x_wconf 91' lang='lat' dir='ltr'>Non</span> <span class='ocrx_word' id='word_1_128' title='bbox 990 1234 1145 1272; x_wconf 88' lang='lat' dir='ltr'>animus</span> <span class='ocrx_word' id='word_1_129' title='bbox 1178 1241 1249 1279; x_wconf 68' lang='lat' dir='ltr'>est,</span> <span class='ocrx_word' id='word_1_130' title='bbox 1279 1246 1360 1271; x_wconf 88' lang='lat' dir='ltr'>non</span> <span class='ocrx_word' id='word_1_131' title='bbox 1390 1231 1613 1278; x_wconf 86' lang='lat' dir='ltr'>consilium,</span> 
     </span>
     <span class='ocr_line' id='line_1_16' title="bbox 279 1297 1673 1350; baseline -0.004 -12"><span class='ocrx_word' id='word_1_132' title='bbox 279 1314 359 1338; x_wconf 92' lang='lat' dir='ltr'>non</span> <span class='ocrx_word' id='word_1_133' title='bbox 395 1300 543 1350; x_wconf 84' lang='lat' dir='ltr'>copiae,</span> <span class='ocrx_word' id='word_1_134' title='bbox 578 1314 658 1338; x_wconf 89' lang='lat' dir='ltr'>non</span> <span class='ocrx_word' id='word_1_135' title='bbox 691 1299 902 1349; x_wconf 79' lang='lat' dir='ltr'>diligentia.</span> <span class='ocrx_word' id='word_1_136' title='bbox 965 1299 1122 1337; x_wconf 84' lang='lat' dir='ltr'>Mittam</span> <span class='ocrx_word' id='word_1_137' title='bbox 1158 1297 1235 1345; x_wconf 85' lang='lat' dir='ltr'>illa,</span> <span class='ocrx_word' id='word_1_138' title='bbox 1270 1299 1401 1347; x_wconf 82' lang='lat' dir='ltr'>fugam</span> <span class='ocrx_word' id='word_1_139' title='bbox 1434 1297 1485 1334; x_wconf 90' lang='lat' dir='ltr'>ab</span> <span class='ocrx_word' id='word_1_140' title='bbox 1517 1297 1613 1334; x_wconf 88' lang='lat' dir='ltr'>urbe</span> <span class='ocrx_word' id='word_1_141' title='bbox 1636 1309 1673 1341; x_wconf 83' lang='lat'>15</span> 
     </span>
     <span class='ocr_line' id='line_1_17' title="bbox 280 1361 1613 1414; baseline -0.002 -12"><span class='ocrx_word' id='word_1_142' title='bbox 280 1364 555 1414; x_wconf 81' lang='lat' dir='ltr'>turpissimam,</span> <span class='ocrx_word' id='word_1_143' title='bbox 572 1364 839 1403; x_wconf 86' lang='lat' dir='ltr'>timidissimas</span> <span class='ocrx_word' id='word_1_144' title='bbox 860 1364 899 1402; x_wconf 91' lang='lat' dir='ltr'>in</span> <span class='ocrx_word' id='word_1_145' title='bbox 920 1364 1077 1414; x_wconf 89' lang='lat' dir='ltr'>oppidis</span> <span class='ocrx_word' id='word_1_146' title='bbox 1094 1363 1311 1409; x_wconf 81' lang='lat' dir='ltr'>contiones,</span> <span class='ocrx_word' id='word_1_147' title='bbox 1327 1361 1613 1412; x_wconf 80' lang='lat' dir='ltr'>ignorationem</span> 
     </span>
     <span class='ocr_line' id='line_1_18' title="bbox 280 1426 1613 1478; baseline -0.002 -12"><span class='ocrx_word' id='word_1_148' title='bbox 280 1443 360 1467; x_wconf 86' lang='lat' dir='ltr'>non</span> <span class='ocrx_word' id='word_1_149' title='bbox 382 1431 507 1467; x_wconf 84' lang='lat' dir='ltr'>solum</span> <span class='ocrx_word' id='word_1_150' title='bbox 530 1429 724 1467; x_wconf 81' lang='lat' dir='ltr'>adversari</span> <span class='ocrx_word' id='word_1_151' title='bbox 742 1430 811 1467; x_wconf 85' lang='lat' dir='ltr'>sed</span> <span class='ocrx_word' id='word_1_152' title='bbox 833 1428 951 1467; x_wconf 90' lang='lat' dir='ltr'>etiarn</span> <span class='ocrx_word' id='word_1_153' title='bbox 973 1442 1130 1466; x_wconf 88' lang='lat' dir='ltr'>suarum</span> <span class='ocrx_word' id='word_1_154' title='bbox 1147 1427 1349 1478; x_wconf 89' lang='lat' dir='ltr'>copiarum</span> <span class='ocrx_word' id='word_1_155' title='bbox 1368 1442 1375 1473; x_wconf 80' lang='lat'><em>3</em></span> <span class='ocrx_word' id='word_1_156' title='bbox 1405 1428 1482 1465; x_wconf 91' lang='lat' dir='ltr'>hoc</span> <span class='ocrx_word' id='word_1_157' title='bbox 1503 1426 1613 1464; x_wconf 90' lang='lat' dir='ltr'>cuius</span> 
     </span>
    </p>

    <p class='ocr_par' dir='ltr' id='par_1_4' title="bbox 237 1491 1674 1999">
     <span class='ocr_line' id='line_1_19' title="bbox 237 1491 1610 1543; baseline -0.004 -10"><span class='ocrx_word' id='word_1_158' title='bbox 237 1507 260 1534; x_wconf 91' lang='lat'>2</span> <span class='ocrx_word' id='word_1_159' title='bbox 281 1494 387 1532; x_wconf 91' lang='lat' dir='ltr'>modi</span> <span class='ocrx_word' id='word_1_160' title='bbox 419 1496 506 1532; x_wconf 85' lang='lat' dir='ltr'>est?</span> <span class='ocrx_word' id='word_1_161' title='bbox 536 1506 592 1531; x_wconf 73' lang='lat' dir='ltr'>vu</span> <span class='ocrx_word' id='word_1_162' title='bbox 626 1495 722 1531; x_wconf 91' lang='lat' dir='ltr'>Idus</span> <span class='ocrx_word' id='word_1_163' title='bbox 754 1493 865 1531; x_wconf 83' lang='lat' dir='ltr'>Febr.</span> <span class='ocrx_word' id='word_1_164' title='bbox 890 1494 1069 1543; x_wconf 85' lang='lat' dir='ltr'>Capuam</span> <span class='ocrx_word' id='word_1_165' title='bbox 1101 1494 1145 1532; x_wconf 89' lang='lat' dir='ltr'>C.</span> <span class='ocrx_word' id='word_1_166' title='bbox 1172 1492 1333 1532; x_wconf 89' lang='lat' dir='ltr'>Cassius</span> <span class='ocrx_word' id='word_1_167' title='bbox 1354 1491 1533 1530; x_wconf 90' lang='lat' dir='ltr'>tribunus</span> <span class='ocrx_word' id='word_1_168' title='bbox 1560 1492 1610 1541; x_wconf 89' lang='lat' dir='ltr'>pl.</span> 
     </span>
     <span class='ocr_line' id='line_1_20' title="bbox 279 1557 1610 1606; baseline -0.002 -10"><span class='ocrx_word' id='word_1_169' title='bbox 279 1559 396 1606; x_wconf 73' lang='lat' dir='ltr'>venit,</span> <span class='ocrx_word' id='word_1_170' title='bbox 430 1559 570 1597; x_wconf 88' lang='lat' dir='ltr'>adtulit</span> <span class='ocrx_word' id='word_1_171' title='bbox 607 1560 791 1597; x_wconf 89' lang='lat' dir='ltr'>mandata</span> <span class='ocrx_word' id='word_1_172' title='bbox 829 1560 880 1597; x_wconf 93' lang='lat' dir='ltr'>ad</span> <span class='ocrx_word' id='word_1_173' title='bbox 916 1560 1098 1597; x_wconf 86' lang='lat' dir='ltr'>consules</span> <span class='ocrx_word' id='word_1_174' title='bbox 1138 1566 1179 1596; x_wconf 93' lang='lat' dir='ltr'>ut</span> <span class='ocrx_word' id='word_1_175' title='bbox 1216 1560 1387 1596; x_wconf 87' lang='lat' dir='ltr'>Romam</span> <span class='ocrx_word' id='word_1_176' title='bbox 1422 1557 1610 1603; x_wconf 87' lang='lat' dir='ltr'>venirent,</span> 
     </span>
     <span class='ocr_line' id='line_1_21' title="bbox 278 1622 1674 1674; baseline -0.002 -12"><span class='ocrx_word' id='word_1_177' title='bbox 278 1624 487 1674; x_wconf 89' lang='lat' dir='ltr'>pecuniam</span> <span class='ocrx_word' id='word_1_178' title='bbox 527 1626 576 1662; x_wconf 91' lang='lat' dir='ltr'>de</span> <span class='ocrx_word' id='word_1_179' title='bbox 616 1624 809 1662; x_wconf 88' lang='lat' dir='ltr'>sanctiore</span> <span class='ocrx_word' id='word_1_180' title='bbox 846 1624 995 1662; x_wconf 88' lang='lat' dir='ltr'>aerario</span> <span class='ocrx_word' id='word_1_181' title='bbox 1033 1625 1238 1670; x_wconf 88' lang='lat' dir='ltr'>auferrent,</span> <span class='ocrx_word' id='word_1_182' title='bbox 1281 1623 1411 1661; x_wconf 88' lang='lat' dir='ltr'>statim</span> <span class='ocrx_word' id='word_1_183' title='bbox 1451 1622 1609 1660; x_wconf 88' lang='lat' dir='ltr'>exirent.</span> <span class='ocrx_word' id='word_1_184' title='bbox 1634 1633 1674 1655; x_wconf 86' lang='lat'>20</span> 
     </span>
     <span class='ocr_line' id='line_1_22' title="bbox 278 1686 1612 1739; baseline -0.001 -13"><span class='ocrx_word' id='word_1_185' title='bbox 278 1689 385 1727; x_wconf 81' lang='lat' dir='ltr'>Vrbe</span> <span class='ocrx_word' id='word_1_186' title='bbox 413 1689 546 1728; x_wconf 85' lang='lat' dir='ltr'>relicta</span> <span class='ocrx_word' id='word_1_187' title='bbox 576 1690 760 1737; x_wconf 83' lang='lat' dir='ltr'>redeant;</span> <span class='ocrx_word' id='word_1_188' title='bbox 791 1702 871 1739; x_wconf 93' lang='lat' dir='ltr'>quo</span> <span class='ocrx_word' id='word_1_189' title='bbox 902 1689 1127 1739; x_wconf 90' lang='lat' dir='ltr'>praesidio?</span> <span class='ocrx_word' id='word_1_190' title='bbox 1156 1688 1301 1727; x_wconf 90' lang='lat' dir='ltr'>deinde</span> <span class='ocrx_word' id='word_1_191' title='bbox 1331 1695 1495 1734; x_wconf 80' lang='lat' dir='ltr'>exeant3</span> <span class='ocrx_word' id='word_1_192' title='bbox 1524 1686 1612 1736; x_wconf 91' lang='lat' dir='ltr'>quis</span> 
     </span>
     <span class='ocr_line' id='line_1_23' title="bbox 277 1751 1612 1804; baseline -0.003 -12"><span class='ocrx_word' id='word_1_193' title='bbox 277 1755 407 1792; x_wconf 87' lang='lat' dir='ltr'>sinat?</span> <span class='ocrx_word' id='word_1_194' title='bbox 465 1756 615 1793; x_wconf 88' lang='lat' dir='ltr'>Consul</span> <span class='ocrx_word' id='word_1_195' title='bbox 642 1754 676 1792; x_wconf 91' lang='lat' dir='ltr'>ei</span> <span class='ocrx_word' id='word_1_196' title='bbox 704 1754 899 1804; x_wconf 83' lang='lat' dir='ltr'>rescripsit</span> <span class='ocrx_word' id='word_1_197' title='bbox 927 1762 968 1792; x_wconf 93' lang='lat' dir='ltr'>ut</span> <span class='ocrx_word' id='word_1_198' title='bbox 996 1754 1101 1804; x_wconf 92' lang='lat' dir='ltr'>prius</span> <span class='ocrx_word' id='word_1_199' title='bbox 1126 1753 1209 1803; x_wconf 89' lang='lat' dir='ltr'>ipse</span> <span class='ocrx_word' id='word_1_200' title='bbox 1236 1753 1274 1790; x_wconf 90' lang='lat' dir='ltr'>in</span> <span class='ocrx_word' id='word_1_201' title='bbox 1298 1751 1501 1790; x_wconf 90' lang='lat' dir='ltr'>Picenum.</span> <span class='ocrx_word' id='word_1_202' title='bbox 1558 1753 1612 1788; x_wconf 88' lang='lat' dir='ltr'>At</span> 
     </span>
     <span class='ocr_line' id='line_1_24' title="bbox 278 1819 1612 1867; baseline -0.003 -10"><span class='ocrx_word' id='word_1_203' title='bbox 278 1820 373 1858; x_wconf 89' lang='lat' dir='ltr'>illud</span> <span class='ocrx_word' id='word_1_204' title='bbox 409 1828 534 1858; x_wconf 89' lang='lat' dir='ltr'>totum</span> <span class='ocrx_word' id='word_1_205' title='bbox 568 1827 647 1858; x_wconf 90' lang='lat' dir='ltr'>erat</span> <span class='ocrx_word' id='word_1_206' title='bbox 681 1819 895 1866; x_wconf 79' lang='lat' dir='ltr'>amissum;</span> <span class='ocrx_word' id='word_1_207' title='bbox 944 1819 1093 1858; x_wconf 88' lang='lat' dir='ltr'>sciebat</span> <span class='ocrx_word' id='word_1_208' title='bbox 1125 1831 1244 1856; x_wconf 87' lang='lat' dir='ltr'>nemo</span> <span class='ocrx_word' id='word_1_209' title='bbox 1278 1825 1429 1867; x_wconf 89' lang='lat' dir='ltr'>praeter</span> <span class='ocrx_word' id='word_1_210' title='bbox 1468 1830 1531 1854; x_wconf 89' lang='lat' dir='ltr'>me</span> <span class='ocrx_word' id='word_1_211' title='bbox 1565 1830 1612 1854; x_wconf 85' lang='lat' dir='ltr'>ex</span> 
     </span>
     <span class='ocr_line' id='line_1_25' title="bbox 278 1881 1610 1931; baseline -0.002 -9"><span class='ocrx_word' id='word_1_212' title='bbox 278 1885 413 1923; x_wconf 90' lang='lat' dir='ltr'>litteris</span> <span class='ocrx_word' id='word_1_213' title='bbox 447 1886 687 1923; x_wconf 87' lang='lat' dir='ltr'>Dolabellae.</span> <span class='ocrx_word' id='word_1_214' title='bbox 751 1884 852 1922; x_wconf 88' lang='lat' dir='ltr'>Mihi</span> <span class='ocrx_word' id='word_1_215' title='bbox 883 1884 1049 1923; x_wconf 91' lang='lat' dir='ltr'>dubium</span> <span class='ocrx_word' id='word_1_216' title='bbox 1086 1897 1166 1922; x_wconf 89' lang='lat' dir='ltr'>non</span> <span class='ocrx_word' id='word_1_217' title='bbox 1202 1890 1281 1921; x_wconf 91' lang='lat' dir='ltr'>erat</span> <span class='ocrx_word' id='word_1_218' title='bbox 1313 1882 1408 1931; x_wconf 91' lang='lat' dir='ltr'>quin</span> <span class='ocrx_word' id='word_1_219' title='bbox 1439 1881 1502 1920; x_wconf 91' lang='lat' dir='ltr'>ille</span> <span class='ocrx_word' id='word_1_220' title='bbox 1533 1881 1610 1920; x_wconf 90' lang='lat' dir='ltr'>iam</span> 
     </span>
     <span class='ocr_line' id='line_1_26' title="bbox 279 1947 1670 1999; baseline -0.003 -12"><span class='ocrx_word' id='word_1_221' title='bbox 279 1949 435 1999; x_wconf 88' lang='lat' dir='ltr'>iamque</span> <span class='ocrx_word' id='word_1_222' title='bbox 457 1951 554 1988; x_wconf 88' lang='lat' dir='ltr'>foret</span> <span class='ocrx_word' id='word_1_223' title='bbox 577 1950 615 1987; x_wconf 89' lang='lat' dir='ltr'>in</span> <span class='ocrx_word' id='word_1_224' title='bbox 636 1949 791 1999; x_wconf 85' lang='lat' dir='ltr'>Apulia,</span> <span class='ocrx_word' id='word_1_225' title='bbox 817 1951 977 1987; x_wconf 88' lang='lat' dir='ltr'>Gnaeus</span> <span class='ocrx_word' id='word_1_226' title='bbox 999 1956 1131 1987; x_wconf 90' lang='lat' dir='ltr'>noster</span> <span class='ocrx_word' id='word_1_227' title='bbox 1151 1947 1190 1985; x_wconf 89' lang='lat' dir='ltr'>in</span> <span class='ocrx_word' id='word_1_228' title='bbox 1212 1947 1311 1985; x_wconf 84' lang='lat' dir='ltr'>navi.</span> <span class='ocrx_word' id='word_1_229' title='bbox 1633 1959 1670 1990; x_wconf 86' lang='lat'>25</span> 
     </span>
    </p>

    <p class='ocr_par' dir='ltr' id='par_1_5' title="bbox 234 2010 1668 2324">
     <span class='ocr_line' id='line_1_27' title="bbox 234 2010 1608 2065; baseline -0.004 -12"><span class='ocrx_word' id='word_1_230' title='bbox 234 2029 257 2064; x_wconf 89' lang='lat'><strong>3</strong></span> <span class='ocrx_word' id='word_1_231' title='bbox 334 2017 417 2065; x_wconf 77' lang='lat' dir='ltr'>Ego</span> <span class='ocrx_word' id='word_1_232' title='bbox 439 2015 533 2064; x_wconf 89' lang='lat' dir='ltr'>quid</span> <span class='ocrx_word' id='word_1_233' title='bbox 558 2029 670 2065; x_wconf 82' lang='lat' dir='ltr'>agam</span> <span class='ocrx_word' id='word_1_234' title='bbox 692 2016 843 2064; x_wconf 83' lang='grc' dir='ltr'>σκέμμα</span> <span class='ocrx_word' id='word_1_235' title='bbox 864 2026 1237 2064; x_wconf 78' lang='lat' dir='ltr'>magnum—neque</span> <span class='ocrx_word' id='word_1_236' title='bbox 1259 2026 1322 2050; x_wconf 85' lang='lat' dir='ltr'>me</span> <span class='ocrx_word' id='word_1_237' title='bbox 1339 2013 1496 2050; x_wconf 87' lang='lat' dir='ltr'>hercule</span> <span class='ocrx_word' id='word_1_238' title='bbox 1513 2010 1608 2049; x_wconf 83' lang='lat' dir='ltr'>mihi</span> 
     </span>
     <span class='ocr_line' id='line_1_28' title="bbox 277 2077 1608 2129; baseline -0.003 -12"><span class='ocrx_word' id='word_1_239' title='bbox 277 2080 438 2129; x_wconf 87' lang='lat' dir='ltr'>quidem</span> <span class='ocrx_word' id='word_1_240' title='bbox 461 2082 595 2126; x_wconf 90' lang='lat' dir='ltr'>ullum,</span> <span class='ocrx_word' id='word_1_241' title='bbox 619 2079 692 2117; x_wconf 87' lang='lat' dir='ltr'>nisi</span> <span class='ocrx_word' id='word_1_242' title='bbox 714 2080 847 2117; x_wconf 89' lang='lat' dir='ltr'>omnia</span> <span class='ocrx_word' id='word_1_243' title='bbox 868 2087 998 2117; x_wconf 84' lang='lat' dir='ltr'>essent</span> <span class='ocrx_word' id='word_1_244' title='bbox 1019 2087 1106 2116; x_wconf 89' lang='lat' dir='ltr'>acta</span> <span class='ocrx_word' id='word_1_245' title='bbox 1128 2077 1361 2128; x_wconf 87' lang='lat' dir='ltr'>turpissime,</span> <span class='ocrx_word' id='word_1_246' title='bbox 1385 2090 1514 2126; x_wconf 89' lang='lat' dir='ltr'>neque</span> <span class='ocrx_word' id='word_1_247' title='bbox 1536 2089 1608 2125; x_wconf 82' lang='lat' dir='ltr'>ego</span> 
     </span>
     <span class='ocr_line' id='line_1_29' title="bbox 277 2142 1608 2194; baseline -0.003 -12"><span class='ocrx_word' id='word_1_248' title='bbox 277 2145 391 2182; x_wconf 88' lang='lat' dir='ltr'>ullius</span> <span class='ocrx_word' id='word_1_249' title='bbox 413 2145 551 2182; x_wconf 82' lang='lat' dir='ltr'>consili</span> <span class='ocrx_word' id='word_1_250' title='bbox 579 2144 900 2194; x_wconf 77' lang='lat' dir='ltr'>particeps——sed</span> <span class='ocrx_word' id='word_1_251' title='bbox 929 2152 1061 2181; x_wconf 87' lang='lat' dir='ltr'>tamen</span> <span class='ocrx_word' id='word_1_252' title='bbox 1089 2144 1197 2192; x_wconf 87' lang='lat' dir='ltr'>quod</span> <span class='ocrx_word' id='word_1_253' title='bbox 1220 2156 1282 2181; x_wconf 90' lang='lat' dir='ltr'>me</span> <span class='ocrx_word' id='word_1_254' title='bbox 1307 2144 1455 2180; x_wconf 90' lang='lat' dir='ltr'>deceat.</span> <span class='ocrx_word' id='word_1_255' title='bbox 1518 2142 1608 2190; x_wconf 85' lang='lat' dir='ltr'>Ipse</span> 
     </span>
     <span class='ocr_line' id='line_1_30' title="bbox 276 2206 1607 2258; baseline -0.002 -12"><span class='ocrx_word' id='word_1_256' title='bbox 276 2222 339 2246; x_wconf 89' lang='lat' dir='ltr'>me</span> <span class='ocrx_word' id='word_1_257' title='bbox 378 2211 523 2248; x_wconf 87' lang='lat' dir='ltr'>Caesar</span> <span class='ocrx_word' id='word_1_258' title='bbox 556 2211 606 2247; x_wconf 85' lang='lat' dir='ltr'>ad</span> <span class='ocrx_word' id='word_1_259' title='bbox 646 2223 784 2258; x_wconf 87' lang='lat' dir='ltr'>pacem</span> <span class='ocrx_word' id='word_1_260' title='bbox 823 2210 1023 2254; x_wconf 77' lang='lat' dir='ltr'>h01·tatur;</span> <span class='ocrx_word' id='word_1_261' title='bbox 1072 2209 1141 2245; x_wconf 90' lang='lat' dir='ltr'>sed</span> <span class='ocrx_word' id='word_1_262' title='bbox 1180 2207 1420 2256; x_wconf 87' lang='lat' dir='ltr'>antiquiores</span> <span class='ocrx_word' id='word_1_263' title='bbox 1459 2206 1607 2244; x_wconf 87' lang='lat' dir='ltr'>litterae</span> 
     </span>
     <span class='ocr_line' id='line_1_31' title="bbox 275 2270 1668 2324; baseline -0.004 -12"><span class='ocrx_word' id='word_1_264' title='bbox 275 2287 393 2323; x_wconf 86' lang='lat' dir='ltr'>quam</span> <span class='ocrx_word' id='word_1_265' title='bbox 419 2288 528 2312; x_wconf 78' lang='lat' dir='ltr'>ruere</span> <span class='ocrx_word' id='word_1_266' title='bbox 559 2274 700 2324; x_wconf 87' lang='lat' dir='ltr'>coepit.</span> <span class='ocrx_word' id='word_1_267' title='bbox 763 2274 980 2319; x_wconf 85' lang='lat' dir='ltr'>Dolabella,</span> <span class='ocrx_word' id='word_1_268' title='bbox 1009 2272 1168 2311; x_wconf 87' lang='lat' dir='ltr'>Caelius</span> <span class='ocrx_word' id='word_1_269' title='bbox 1195 2286 1259 2310; x_wconf 89' lang='lat' dir='ltr'>me</span> <span class='ocrx_word' id='word_1_270' title='bbox 1286 2272 1339 2309; x_wconf 89' lang='lat' dir='ltr'>illi</span> <span class='ocrx_word' id='word_1_271' title='bbox 1370 2272 1483 2309; x_wconf 88' lang='lat' dir='ltr'>valde</span> <span class='ocrx_word' id='word_1_272' title='bbox 1514 2270 1606 2308; x_wconf 86' lang='lat' dir='ltr'>satis</span> <span class='ocrx_word' id='word_1_273' title='bbox 1629 2283 1668 2314; x_wconf 80' lang='lat'>30</span> 
     </span>
    </p>
   </div>
   <div class='ocr_carea' id='block_1_4' title="bbox 276 2375 1609 2505">
    <p class='ocr_par' dir='ltr' id='par_1_6' title="bbox 276 2375 1609 2505">
     <span class='ocr_line' id='line_1_32' title="bbox 319 2375 1602 2416; baseline -0.002 -8"><span class='ocrx_word' id='word_1_274' title='bbox 319 2389 338 2416; x_wconf 84' lang='lat'><strong>3</strong></span> <span class='ocrx_word' id='word_1_275' title='bbox 364 2379 455 2408; x_wconf 85' lang='lat' dir='ltr'>Istim</span> <span class='ocrx_word' id='word_1_276' title='bbox 475 2378 593 2409; x_wconf 78' lang='lat' dir='ltr'>Lamb.</span> <span class='ocrx_word' id='word_1_277' title='bbox 612 2390 617 2408; x_wconf 89' lang='lat'>:</span> <span class='ocrx_word' id='word_1_278' title='bbox 644 2377 821 2408; x_wconf 71' lang='lat' dir='ltr'>istumlffl:</span> <span class='ocrx_word' id='word_1_279' title='bbox 842 2379 942 2408; x_wconf 83' lang='lat' dir='ltr'>istinc</span> <span class='ocrx_word' id='word_1_280' title='bbox 961 2376 1016 2407; x_wconf 71' lang='lat' dir='ltr'>M‘2</span> <span class='ocrx_word' id='word_1_281' title='bbox 1106 2388 1127 2415; x_wconf 86' lang='lat'><strong>9</strong></span> <span class='ocrx_word' id='word_1_282' title='bbox 1152 2377 1246 2406; x_wconf 89' lang='lat' dir='ltr'>nihili</span> <span class='ocrx_word' id='word_1_283' title='bbox 1264 2376 1420 2407; x_wconf 84' lang='lat' dir='ltr'>consules</span> <span class='ocrx_word' id='word_1_284' title='bbox 1438 2375 1525 2405; x_wconf 74' lang='lat' dir='ltr'><em>Reid</em></span> <span class='ocrx_word' id='word_1_285' title='bbox 1537 2375 1602 2406; x_wconf 87' lang='lat' dir='ltr'>coll.</span> 
     </span>
     <span class='ocr_line' id='line_1_33' title="bbox 276 2418 1605 2460; baseline -0.002 -10"><span class='ocrx_word' id='word_1_286' title='bbox 276 2432 327 2451; x_wconf 84' lang='lat'>20.</span> <span class='ocrx_word' id='word_1_287' title='bbox 350 2432 359 2450; x_wconf 93' lang='lat'>1</span> <span class='ocrx_word' id='word_1_288' title='bbox 473 2433 508 2460; x_wconf 84' lang='lat'>14</span> <span class='ocrx_word' id='word_1_289' title='bbox 534 2426 608 2451; x_wconf 74' lang='lat' dir='ltr'>ante</span> <span class='ocrx_word' id='word_1_290' title='bbox 623 2428 673 2452; x_wconf 89' lang='lat' dir='ltr'>est</span> <span class='ocrx_word' id='word_1_291' title='bbox 690 2422 768 2453; x_wconf 81' lang='lat' dir='ltr'>add.</span> <span class='ocrx_word' id='word_1_292' title='bbox 787 2423 818 2452; x_wconf 87' lang='lat' dir='ltr'>ei</span> <span class='ocrx_word' id='word_1_293' title='bbox 836 2421 964 2460; x_wconf 76' lang='lat' dir='ltr'>Kayser</span> <span class='ocrx_word' id='word_1_294' title='bbox 1071 2422 1112 2450; x_wconf 78' lang='lat'>26</span> <span class='ocrx_word' id='word_1_295' title='bbox 1138 2420 1210 2458; x_wconf 73' lang='lat' dir='ltr'>Ego</span> <span class='ocrx_word' id='word_1_296' title='bbox 1228 2421 1306 2459; x_wconf 82' lang='lat' dir='ltr'>quid</span> <span class='ocrx_word' id='word_1_297' title='bbox 1328 2421 1448 2457; x_wconf 71' lang='lat' dir='ltr'>agam?</span> <span class='ocrx_word' id='word_1_298' title='bbox 1475 2418 1605 2456; x_wconf 80' lang='grc' dir='ltr'>Σκέμμα</span> 
     </span>
     <span class='ocr_line' id='line_1_34' title="bbox 277 2462 1609 2505; baseline -0.003 -10"><span class='ocrx_word' id='word_1_299' title='bbox 277 2475 443 2503; x_wconf 71' lang='lat' dir='ltr'>magnum.</span> <span class='ocrx_word' id='word_1_300' title='bbox 461 2476 571 2504; x_wconf 71' lang='lat' dir='ltr'>neque</span> <span class='ocrx_word' id='word_1_301' title='bbox 585 2490 591 2495; x_wconf 92' lang='lat'>.</span> <span class='ocrx_word' id='word_1_302' title='bbox 606 2490 612 2496; x_wconf 85' lang='lat'>.</span> <span class='ocrx_word' id='word_1_303' title='bbox 630 2490 634 2495; x_wconf 96' lang='lat'>.</span> <span class='ocrx_word' id='word_1_304' title='bbox 650 2467 820 2505; x_wconf 79' lang='lat' dir='ltr'>particeps</span> <span class='ocrx_word' id='word_1_305' title='bbox 835 2477 842 2503; x_wconf 86' lang='lat'>;</span> <span class='ocrx_word' id='word_1_306' title='bbox 867 2466 927 2495; x_wconf 74' lang='lat' dir='ltr'>sed</span> <span class='ocrx_word' id='word_1_307' title='bbox 941 2466 984 2493; x_wconf 78' lang='lat' dir='ltr'>ila</span> <span class='ocrx_word' id='word_1_308' title='bbox 1003 2465 1200 2502; x_wconf 60' lang='lat' dir='ltr'>l&#39;nlcrpflnxl&#39;!</span> <span class='ocrx_word' id='word_1_309' title='bbox 1211 2465 1299 2503; x_wconf 74' lang='lat' dir='ltr'>vulg.</span> <span class='ocrx_word' id='word_1_310' title='bbox 1350 2463 1420 2492; x_wconf 85' lang='lat' dir='ltr'>Nos</span> <span class='ocrx_word' id='word_1_311' title='bbox 1436 2466 1473 2492; x_wconf 82' lang='lat' dir='ltr'>ut</span> <span class='ocrx_word' id='word_1_312' title='bbox 1489 2462 1609 2500; x_wconf 62' lang='lat' dir='ltr'>Zyrrell</span> 
     </span>
    </p>
   </div>
  </div>
 </body>
</html>
