1773 2651
142 213 258 249 VIII.
280 212 324 247 xi
339 223 365 248 D
620 213 675 248 M.
708 212 875 248 TVLLI
909 210 1217 249 CICERONIS

249 324 344 362 illud
366 323 530 361 omnino
558 323 810 360 interclusum
840 322 1072 360 videbamus
1102 335 1231 371 neque
1254 321 1382 359 minus
1408 335 1479 359 nos
1499 335 1584 359 esse

248 397 383 439 captos
414 402 533 438 quam
564 387 630 437 qui
661 386 810 426 Corfini
841 386 1013 425 fuissent.
1074 388 1216 435 Neque
1248 385 1353 424 enim
1383 400 1451 424 eos
1480 387 1585 423 solos

247 454 533 492 arbitrabamur
554 452 641 502 capi
671 452 736 501 qui
766 452 803 489 in
831 460 1070 489 armatorum
1100 465 1238 489 manus
1264 450 1494 489 incidissent
1515 451 1585 488 sed

249 533 316 557 eos
338 519 461 556 nihilo
483 517 612 555 minus
633 517 699 567 qui
721 517 946 566 regionibus
968 516 1112 555 exclusi
1134 516 1234 554 intra
1255 515 1447 566 praesidia
1467 523 1585 565 atque

249 585 348 622 intra
367 597 474 621 arma
494 583 620 621 aliena
641 582 850 620 venissent.

207 664 231 701 5
305 650 425 697 Quod
447 662 537 686 cum
566 648 618 686 ita
646 648 703 693 sit,
729 647 897 685 maxime
921 649 1061 685 vellem
1090 646 1258 696 primum
1281 659 1435 696 semper
1454 654 1585 684 tecum

250 714 434 756 fuissem;
465 714 574 763 quod
595 712 755 762 quidem
784 712 853 750 tibi
879 714 1141 758 ostenderam,
1165 726 1255 750 cum
1275 725 1298 749 a
1323 725 1385 749 me
1407 712 1585 761 Capuam

251 779 472 817 reiciebam.
534 779 656 826 Quod
686 777 759 815 feci
788 791 867 815 non
894 777 1041 815 vitandi
1073 777 1201 815 oneris
1231 791 1349 815 causa
1378 777 1448 814 sed
1478 776 1586 825 quod

250 846 434 884 videbam
466 844 587 883 teneri
619 844 722 881 illam
754 844 891 882 urbem
923 843 1006 881 sine
1033 843 1203 881 exercitu
1234 857 1312 881 non
1340 855 1466 892 posse,
1490 841 1587 879 acci—

251 912 343 949 dere
381 918 512 948 autem
560 908 654 946 mihi
698 909 882 946 nolebam
923 909 1030 957 quod
1076 909 1193 945 doleo
1238 907 1326 944 viris
1369 905 1586 943 fortissimis

251 976 451 1014 accidisse.
514 974 715 1023 Quoniam
745 982 876 1011 autem
912 982 1043 1011 tecum
1074 981 1115 1010 ut
1145 986 1271 1011 essem
1302 985 1381 1010 non
1412 970 1584 1020 contigit,

253 1041 402 1079 utinam
435 1040 489 1077 tui
520 1039 658 1077 consili
688 1039 828 1077 certior
858 1040 982 1075 factus
1017 1041 1167 1076 essem!
1226 1039 1330 1074 Nam
1365 1035 1588 1085 suspicione

253 1105 417 1154 adsequi
448 1119 527 1142 non
559 1104 679 1153 potui,
711 1104 818 1153 quod
849 1102 983 1140 omnia
1012 1102 1116 1152 prius
1148 1101 1354 1139 arbitratus
1389 1113 1475 1137 sum
1508 1101 1589 1137 fore

254 1184 373 1220 quam
395 1178 435 1207 ut
458 1171 554 1207 baec
582 1169 635 1206 rei
663 1168 844 1218 publicae
869 1181 987 1205 causa
1016 1167 1054 1204 in
1082 1166 1195 1204 Italia
1224 1180 1303 1204 non
1333 1173 1463 1215 posset
1487 1166 1589 1202 duce

255 1244 292 1273 te
328 1235 554 1273 consistere.
613 1236 755 1283 Neque
794 1247 885 1271 vero
923 1246 1028 1269 nunc
1068 1231 1275 1270 consilium
1316 1238 1426 1268 tuum
1466 1243 1589 1278 repre-

256 1301 391 1338 bendo
422 1301 491 1337 sed
524 1300 720 1337 fortunam
754 1298 806 1335 rei
838 1297 1019 1347 publicae
1054 1298 1169 1346 lugeo
1205 1309 1288 1342 nec,
1321 1294 1351 1331 si
1387 1308 1460 1343 ego
1494 1293 1589 1342 quid

255 1374 295 1403 tu
318 1365 368 1403 sis
390 1372 546 1402 secutus
568 1378 647 1401 non
676 1362 880 1413 perspicio,
905 1361 1050 1399 idcirco
1079 1361 1206 1398 minus
1234 1360 1414 1398 existimo
1435 1367 1472 1397 te
1493 1358 1589 1395 nihil

256 1430 329 1467 nisi
351 1443 506 1467 summa
526 1428 675 1466 ratione
696 1427 842 1466 fecisse.

312 1497 404 1532 Mea
434 1507 535 1543 quae
565 1506 718 1542 semper
748 1491 860 1529 fuerit
895 1491 1088 1529 sententia
1117 1491 1286 1541 primum
1319 1491 1369 1528 de
1403 1503 1500 1539 pace
1529 1489 1589 1526 vel

256 1560 390 1609 iniqua
410 1558 646 1596 condicione
666 1556 880 1602 retinenda,
903 1556 1048 1594 deinde
1075 1557 1125 1594 de
1152 1556 1247 1593 urbe
1270 1557 1377 1605 (nam
1405 1556 1454 1592 de
1477 1553 1590 1591 Italia

256 1625 417 1674 quidem
462 1623 557 1660 nihil
603 1622 699 1659 mihi
745 1635 932 1671 umquam
981 1622 1237 1671 ostenderas),
1280 1619 1505 1658 meminisse
1552 1626 1590 1656 te

256 1689 429 1727 arbitror.
489 1688 567 1726 Sed
600 1686 694 1724 mihi
727 1699 806 1723 non
838 1699 952 1723 sumo
984 1693 1025 1723 ut
1061 1699 1192 1724 meum
1225 1684 1431 1723 consilium
1464 1685 1590 1721 valere

257 1753 465 1794 debuerit:
505 1760 661 1791 secutus
691 1765 776 1789 sum
808 1758 919 1788 tuum
950 1765 1079 1800 neque
1110 1750 1149 1788 id
1180 1749 1232 1788 rei
1263 1749 1444 1799 publicae
1473 1761 1591 1786 causa

258 1821 307 1858 de
328 1832 406 1868 qua
426 1816 640 1867 desperavi,
663 1830 763 1865 quae
784 1824 821 1853 et
849 1829 954 1853 nunc
974 1815 1132 1853 adflicta
1158 1823 1215 1852 est
1236 1828 1309 1852 nec
1330 1812 1486 1851 excitari
1507 1812 1590 1850 sine

258 1884 359 1922 civili
388 1881 718 1933 perniciosissimo
738 1882 844 1919 bello
870 1888 1009 1931 potest,
1033 1882 1102 1918 sed
1130 1888 1167 1918 te
1187 1879 1436 1929 quaerebam,
1459 1886 1589 1916 tecum

259 1963 343 1987 esse
382 1948 591 1997 cupiebam
631 1960 760 1996 neque
799 1946 881 1984 eius
920 1945 972 1983 rei
1011 1946 1247 1991 facultatem,
1289 1944 1318 1981 si
1362 1957 1462 1993 quae
1507 1942 1588 1989 erit,

260 2013 575 2064 praetermittam.

316 2081 400 2128 Ego
422 2092 484 2116 me
511 2078 549 2115 in
578 2079 651 2116 hac
678 2076 786 2115 omni
813 2090 930 2114 causa
954 2075 1066 2113 facile
1093 2075 1367 2124 intellegebam
1389 2072 1590 2123 pugnandi

259 2143 412 2194 cupidis
445 2142 672 2181 bominibus
707 2156 786 2179 non
821 2141 912 2179 satis
944 2142 1080 2178 facere.
1141 2139 1315 2177 Primum
1355 2137 1459 2176 enim
1500 2150 1590 2186 prae

260 2224 322 2247 me
361 2208 429 2246 tuli
470 2222 532 2246 me
572 2207 668 2245 nihil
708 2208 822 2245 malle
860 2219 978 2256 quam
1018 2219 1168 2255 pacem,
1202 2218 1282 2242 non
1317 2203 1411 2253 quin
1450 2203 1588 2240 eadem
1611 2214 1626 2244 3

259 2275 436 2312 timerem
477 2287 577 2323 quae
616 2273 669 2310 illi
709 2274 778 2310 sed
818 2286 862 2310 ea
901 2272 1005 2309 bello
1050 2270 1152 2308 civili
1192 2269 1335 2308 leviora
1380 2268 1586 2306 ducebam.

264 2340 418 2377 Deinde
439 2346 622 2387 suscepto
643 2338 759 2383 bello,
782 2350 870 2374 cum
900 2335 1005 2385 pacis
1033 2334 1287 2373 condiciones
1314 2334 1364 2371 ad
1392 2341 1429 2371 te
1449 2331 1589 2370 adferri

304 2454 322 2472 2
348 2443 490 2472 fuissent
510 2442 556 2471 C:
581 2441 755 2471 venissent
774 2439 830 2469 M:
857 2439 1042 2469 Corfinium
1067 2438 1243 2468 venissent
1264 2437 1353 2476 vulg.
1475 2446 1493 2473 4
1515 2438 1590 2474 post

263 2487 457 2524 regionibus
483 2484 561 2515 add.
587 2486 656 2514 suis
682 2483 878 2522 llsesenhmg,
906 2484 961 2512 vix
985 2486 1061 2512 recle
1202 2482 1238 2510 18
1258 2484 1333 2520 post
1355 2489 1484 2509 summa
1508 2477 1586 2509 add.

262 2540 334 2560 cum
356 2529 421 2559 OR
526 2539 564 2566 25
582 2529 663 2566 fiai-l.
681 2527 768 2557 bello
787 2526 1071 2566 perniciosissimo
1172 2535 1212 2562 32
1238 2524 1362 2554 deinde
1382 2522 1428 2552 C:
1455 2522 1531 2551 inde
1548 2520 1590 2550 M

1606 594 1623 626 5

1609 918 1648 940 10

1612 1241 1648 1272 15

1611 1566 1649 1588 20

1611 1890 1649 1922 25
