1732 2661
592 187 704 224 EPP.
737 188 814 224 AD
845 188 1104 226 ATTICVM
1447 189 1476 225 Ι.
1495 188 1603 225 xviii

149 300 210 337 vel
231 311 322 337 curn
347 298 406 336 his
433 297 621 336 molestiis
642 298 845 348 pervenire
865 297 970 336 velis.
1032 299 1136 336 Nam
1158 312 1208 337 ne
1228 299 1371 337 absens
1392 312 1479 337 cen-

150 376 257 401 seare
289 363 434 400 curabo
466 362 705 400 edicendum
737 370 775 401 et
805 363 1109 412 proponendum
1142 362 1238 400 locis
1270 363 1479 410 omnibus;

150 428 223 465 sub
254 428 417 464 lustrum
447 434 579 464 autem
610 426 759 464 censeri
785 427 959 477 germani
985 426 1239 476 negotiatoris
1260 434 1327 465 est.
1389 429 1480 476 Qua

150 505 189 530 re
228 505 320 529 cura
358 498 400 528 ut
435 498 472 528 te
507 504 626 540 quam
660 490 830 541 primum
863 491 1077 530 videamus.
1138 493 1246 530 Vale.
1306 503 1349 530 XI
1388 493 1476 530 Kal.

111 566 128 598 5
151 557 262 596 Febr.
296 558 343 606 Q.
379 557 553 602 Metello,
588 557 629 593 L.
663 556 825 595 Afranio
855 570 952 595 coss

192 689 303 724 XIX
493 691 560 722 Scl‘.
583 691 712 722 Romae
726 691 775 722 Id.
797 691 897 723 illati.
918 703 947 723 a.
970 694 1034 733 694
1055 693 1135 734 (60).

560 764 737 794 CICERO
769 764 939 795 ATTICO
973 765 1070 796 SAL.

204 838 297 876 Non
330 838 451 875 modo
483 836 514 874 si
547 836 642 874 mihi
675 844 828 874 tantum
860 844 961 875 esset
993 837 1048 876 oti
1080 844 1271 887 quantum
1304 845 1361 877 est
1396 837 1478 885 tibi,
1500 845 1517 872 1

151 916 284 941 verum
317 901 434 940 etiam
462 901 494 939 si
526 909 605 939 tam
638 901 764 939 brevis
795 901 979 951 epistulas
1006 904 1146 941 vellem
1178 903 1331 942 mittere
1361 916 1478 953 quarn

94 983 132 1006 10
151 976 192 1006 tu
225 969 336 1013 soles,
361 967 474 1005 facile
506 974 543 1005 te
571 980 794 1016 superarem
822 974 860 1005 et
890 966 929 1004 in
959 967 1170 1006 scribendo
1200 970 1324 1006 multo
1354 981 1480 1006 essem

150 1033 320 1072 crebrior
341 1046 460 1083 quam
482 1040 534 1070 tu.
594 1033 673 1071 Sed
693 1034 743 1071 ad
764 1046 937 1071 summas
964 1040 1082 1082 atque
1104 1033 1343 1072 incredibilis
1369 1047 1482 1072 occu-

150 1098 329 1149 pationes
351 1110 457 1135 meas
478 1097 632 1135 accedit
653 1098 761 1146 quod
783 1098 930 1135 nullam
958 1111 980 1135 a
1008 1111 1070 1136 me
1090 1099 1181 1136 volo
1202 1098 1409 1148 epistulam
1430 1099 1481 1136 ad

151 1171 188 1201 te
204 1163 354 1212 absque
370 1169 602 1211 argumento
618 1175 665 1199 ac
681 1161 874 1200 sententia
888 1162 1099 1212 pervenire.
1148 1164 1197 1201 Et
1213 1163 1383 1213 primum
1398 1163 1479 1209 tibi,

151 1235 193 1266 ut
219 1240 390 1277 aequum
418 1234 476 1265 est
501 1226 575 1264 civi
599 1226 747 1264 amanti
772 1226 950 1276 patriam,
971 1240 1072 1277 quae
1097 1227 1173 1265 sint
1198 1227 1237 1265 in
1264 1242 1304 1266 re
1324 1228 1483 1278 publica

93 1307 130 1339 15
151 1305 371 1343 exponam3
401 1291 546 1330 deinde
574 1291 762 1341 quoniam
786 1291 858 1330 tibi
881 1305 1015 1330 amore
1042 1305 1114 1331 nos
1141 1292 1307 1342 proximi
1334 1307 1481 1340 sumus,

152 1358 368 1397 scribemus
382 1357 500 1396 etiam
509 1358 559 1395 de
569 1356 684 1395 nobis
693 1370 738 1395 ea
746 1371 846 1407 quae
861 1357 958 1396 scire
972 1365 1009 1395 te
1023 1371 1103 1396 non
1120 1359 1225 1397 nolle
1237 1358 1480 1398 arbitramur.

206 1426 338 1473 Atque
368 1422 408 1460 in
435 1436 475 1460 re
502 1422 661 1473 publica
690 1436 797 1460 nunc
827 1422 989 1472 quidem
1021 1423 1189 1462 maxime
1220 1423 1361 1462 Gallici
1391 1424 1481 1462 belli
1502 1434 1526 1461 2

152 1496 325 1527 versatur
354 1496 492 1526 metus.
553 1489 658 1525 Nam
682 1487 841 1525 Haedui
863 1488 996 1525 fratres
1024 1488 1146 1525 nostri
1167 1502 1339 1538 pugnam
1360 1503 1484 1539 nuper

154 1556 296 1593 malam
326 1560 550 1604 pugnarunt
580 1560 618 1591 et
640 1553 812 1590 Helvetii
842 1552 926 1590 sine
950 1552 1074 1591 dubio
1101 1560 1191 1591 sunt
1218 1553 1257 1591 in
1281 1554 1398 1592 armis
1425 1568 1484 1593 ex-

95 1639 134 1661 20
154 1620 434 1669 cursionesque
469 1618 508 1656 in
542 1617 784 1668 provinciam
817 1617 975 1655 faciunt.
1035 1619 1202 1656 Senatus
1236 1619 1408 1658 decrevit
1443 1627 1484 1658 ut

154 1687 337 1725 consules
365 1686 463 1723 duas
492 1684 639 1722 Gallias
668 1683 905 1730 sortirentur,
938 1683 1104 1721 dilectus
1135 1684 1352 1731 haberetur,
1376 1698 1485 1723 vaca-

154 1751 281 1790 tiones
315 1764 365 1789 ne
394 1752 579 1796 valerent,
618 1749 733 1800 legati
763 1762 852 1786 cum
882 1748 1113 1787 auctoritate
1144 1749 1388 1788 mitterentur
1417 1751 1484 1800 qui

154 1818 308 1857 adirent
335 1816 486 1855 Galliae
517 1815 692 1854 civitates
724 1816 941 1863 darentque
968 1804 1128 1864 operam
1156 1828 1205 1853 ne
1232 1828 1301 1853 eae
1328 1829 1369 1854 se
1393 1829 1484 1854 curn

157 1883 352 1922 Helvetiis
381 1882 675 1931 coniungerent.
738 1880 874 1930 Legati
904 1887 994 1918 sunt
1025 1881 1073 1928 Q.
1099 1881 1285 1919 Metellus
1306 1881 1485 1920 Creticus

99 1965 136 1996 25
157 1957 195 1989 et
224 1951 267 1987 L.
293 1950 455 1987 Flaccus
485 1956 533 1994 et,
565 1949 607 1985 τὸ
637 1948 696 1985 ἐπὶ
724 1950 770 1998 τῇ
799 1949 903 1998 φακῇ
930 1947 1057 1996 μύρον,
1079 1947 1269 1984 Lentulus
1300 1946 1484 1986 Clodiani

202 2063 213 2083 1
241 2052 434 2092 pervenire]
454 2051 581 2091 perfrui
599 2050 721 2081 Rosius
852 2060 871 2089 5
897 2050 936 2089 Q.
960 2051 1097 2082 Metello
1114 2076 1121 2082 .
1142 2076 1149 2082 .
1168 2075 1176 2083 .
1198 2061 1274 2081 coss
1289 2051 1326 2090 cJ‘.
1346 2050 1397 2082 ad.
1419 2062 1447 2081 2.
1469 2061 1482 2081 1

156 2108 176 2136 9
200 2097 318 2127 vellem
332 2097 481 2127 Ernesti:
505 2095 605 2126 velim
622 2095 709 2125 codd.
844 2105 944 2133 quam
963 2094 1057 2126 Man.
1078 2107 1084 2125 ε
1109 2095 1198 2134 quod
1215 2095 1264 2125 vel
1277 2105 1376 2133 quern
1394 2094 1482 2126 codd.

159 2151 197 2171 10
214 2141 309 2170 facile
324 2140 415 2170 llIan.
434 2152 440 2170 z
455 2140 564 2170 facere
581 2138 667 2169 codd.
739 2138 919 2168 scribendo
931 2137 1100 2169 Muretus:
1125 2139 1252 2178 scripto
1263 2137 1352 2169 codd.
1447 2148 1484 2168 12

157 2184 238 2214 volo
255 2184 385 2214 Baiter:
421 2183 492 2214 solo
516 2182 626 2213 codd:
661 2193 724 2213 om.
749 2182 847 2212 Klotz
1004 2191 1041 2220 13
1066 2182 1193 2221 absque
1209 2181 1350 2220 Wolfflz'n
1367 2181 1484 2212 Praun

160 2227 332 2265 (‘Arch1'v’
357 2227 399 2257 vi.
421 2232 454 2267 p.
476 2228 552 2264 202)
578 2225 635 2255 dcl.
662 2226 736 2256 sino
762 2229 799 2255 nt
816 2225 1030 2265 glossemate:
1056 2226 1131 2256 sino
1158 2225 1222 2265 <vel
1242 2225 1333 2258 sine)
1359 2225 1485 2264 absque

156 2270 243 2301 codd.
263 2283 269 2301 :
312 2271 385 2301 sine
416 2270 529 2309 aliquo
560 2268 737 2299 Lehmann
755 2281 761 2299 :
808 2268 881 2298 sine
913 2269 1001 2309 vulg.
1030 2267 1277 2305 Lommatzsffl,
1301 2268 1382 2307 fort.
1411 2272 1486 2298 recle

156 2314 334 2354 pervenire
347 2313 413 2344 Cv.
428 2324 448 2343 c.
467 2324 473 2343 ε
498 2313 636 2343 evenire
653 2315 695 2341 Es
801 2322 837 2350 14
855 2312 925 2341 sint
943 2314 968 2341 Σ
986 2310 1073 2341 Crat.
1091 2323 1096 2342 :
1122 2316 1200 2341 sunt
1211 2310 1278 2341 cod.
1292 2310 1489 2352 Poggianus

159 2356 260 2393 (Med.
279 2368 330 2396 49.
352 2358 408 2395 24]
427 2367 444 2386 s
558 2366 593 2394 17
620 2356 697 2385 belli
715 2366 781 2385 om.
797 2354 864 2386 cod.
880 2354 1081 2395 Poggz'anus
1203 2355 1251 2391 18,
1275 2365 1313 2393 19
1338 2365 1485 2394 pugnam

158 2410 266 2440 nuper
284 2400 403 2430 malam
421 2399 529 2429 Boot:
553 2402 707 2438 pugnant
725 2399 820 2437 pueri
840 2398 904 2437 (vel
926 2398 1025 2437 puer)
1045 2398 1165 2428 malam
1188 2397 1252 2435 (vel
1272 2397 1307 2427 in
1330 2398 1417 2428 alam
1442 2398 1490 2428 vel

157 2444 251 2473 male*
266 2443 352 2472 codd.
373 2454 379 2472 :
397 2452 544 2482 pugnarn
557 2442 739 2481 permalam
751 2441 890 2481 Madvig
982 2451 1020 2480 19
1038 2440 1187 2471 Helvetii
1200 2439 1274 2471 add.
1290 2440 1486 2471 Ascensz'us:

157 2487 273 2516 lacuna
291 2487 324 2515 in
338 2485 395 2516 N:
419 2497 485 2516 om.
505 2485 592 2515 codd.
726 2493 768 2522 25
792 2485 948 2514 Clodiani
966 2484 1127 2524 Szgom'us
1143 2495 1150 2514 ε
1176 2484 1318 2514 Clodiae
1337 2484 1425 2514 codd.

1341 2529 1381 2558 3*
