1732 2661
554 183 666 220 EPP.
700 183 776 219 AI)
806 183 1066 220 ATTICVM
1436 185 1464 221 I.
1484 184 1576 221 xvii

137 293 283 344 iurgavi
304 301 499 340 senatum,
520 301 561 331 ut
584 293 677 331 mihi
701 293 804 332 visus
826 307 924 340 sum,
949 308 1104 332 summa
1125 308 1215 332 cum
1240 295 1471 333 auctoritate

137 368 175 397 et
196 359 235 397 in
257 373 375 398 causa
402 373 483 398 non
504 361 728 398 verecunda
753 360 972 398 admodum
993 359 1118 409 gravis
1139 367 1176 398 et
1199 359 1382 409 copiosus
1404 359 1469 397 fui.

139 426 245 462 Ecce
275 424 374 462 aliae
406 423 570 462 deliciae
602 424 781 474 equitum
812 424 874 462 vix
908 426 1116 463 ferendae!
1161 438 1258 474 quas
1288 438 1361 474 ego
1392 438 1471 463 non
1493 434 1520 470 9

139 491 267 527 solum
307 489 377 527 tuli
411 490 480 527 sed
515 489 634 527 etiam
669 489 813 528 ornavi.
886 489 1022 527 Asiam
1058 489 1124 539 qui
1159 490 1210 527 de
1244 489 1473 527 censoribus

102 569 119 600 5
139 555 413 592 conduxerunt
443 554 571 604 questi
598 562 689 592 sunt
719 554 758 592 in
787 562 925 593 senatu
953 567 995 593 se
1025 554 1242 604 cupiditate
1270 556 1473 604 prolapsos

138 618 304 656 nimium
333 632 476 668 magno
507 619 754 665 conduxisse,
783 627 825 657 ut
853 619 1104 657 induceretur
1133 618 1278 657 locatio
1304 621 1474 668 postula-

138 691 286 721 verunt.
347 685 433 733 Ego
458 683 640 734 princeps
661 683 700 721 in
721 684 967 723 adiutoribus
988 691 1107 734 atque
1127 685 1229 723 adeo
1250 685 1473 732 secundus3

138 763 229 786 nam
262 756 304 786 ut
338 748 391 786 illi
426 750 617 787 auderent
657 751 733 787 hoc
772 751 970 799 postulare
1003 751 1168 789 Crassus
1203 763 1270 787 eos
1306 749 1469 800 impulit.

140 813 342 852 Invidiosa
388 827 459 860 res,
501 813 623 863 turpis
666 814 878 864 postulatio
917 822 955 853 et
995 814 1191 853 confessio
1230 814 1469 853 temeritatis.

80 894 120 916 10
139 880 347 917 Summum
382 886 462 916 erat
497 878 714 929 periculum
750 893 810 926 ne,
845 879 875 917 si
908 879 1004 917 nihil
1037 879 1324 929 impetrassent,
1356 881 1472 929 plane

137 943 399 982 alienarentur
428 957 451 982 a
485 951 633 982 senatu.
696 943 804 982 Huic
843 958 1003 994 quoque
1042 944 1096 983 rei
1136 945 1375 983 subventum
1415 952 1473 984 est

138 1008 307 1047 maxime
330 1022 353 1046 a
379 1008 494 1047 nobis
524 1010 823 1059 perfectumque
851 1017 893 1048 ut
921 1009 1239 1060 frequentissimo
1267 1018 1405 1048 senatu
1435 1017 1472 1048 et

137 1073 409 1113 liberalissimo
431 1081 641 1121 uterentur,
659 1076 862 1125 multaque
882 1088 905 1113 a
926 1089 989 1113 me
1010 1076 1060 1113 de
1077 1075 1261 1113 ordinum
1283 1075 1472 1125 dignitate

137 1147 175 1177 et
196 1139 409 1177 concordia
430 1138 535 1178 dicta
556 1147 646 1177 sunt
670 1141 756 1177 Kal.
785 1140 994 1178 Decembr.
1018 1148 1056 1178 et
1078 1140 1277 1190 postridie.
1330 1142 1471 1190 Neque

83 1218 116 1250 ¹5
136 1205 267 1242 adhuc
302 1218 361 1242 res
401 1206 582 1243 confecta
615 1213 684 1252 est,
719 1207 788 1244 sed
824 1207 1005 1244 voluntas
1045 1214 1204 1244 senatus
1243 1214 1472 1256 perspecta;

137 1283 238 1307 unus
259 1269 365 1307 enim
387 1278 522 1309 contra
542 1270 691 1309 dixerat
715 1272 900 1309 Metellus
928 1273 1066 1310 consul
1092 1271 1332 1322 designatus,
1352 1279 1471 1321 atque

137 1342 217 1372 erat
244 1334 433 1382 dicturus,
452 1337 503 1374 ad
529 1349 647 1385 quem
678 1343 837 1386 propter
867 1336 945 1375 diei
976 1336 1206 1375 brevitatem
1237 1345 1469 1387 perventum

137 1413 217 1437 non
245 1407 315 1447 est,
337 1402 451 1438 heros
478 1400 542 1439 ille
570 1408 701 1439 noster
728 1402 839 1440 Cato.
900 1401 964 1440 Sic
991 1415 1064 1452 ego
1092 1415 1328 1440 conservans
1359 1401 1470 1440 ratio·
1489 1415 1534 1442 10

137 1479 227 1503 nem
249 1465 617 1516 institutionemque
637 1474 810 1504 nostram
833 1474 953 1513 tueor,
978 1475 1019 1505 ut
1040 1481 1214 1517 possum,
1237 1467 1342 1505 illam
1363 1481 1386 1504 a
1407 1480 1470 1505 me

79 1545 118 1566 20
137 1530 446 1580 conglutinatam
473 1530 737 1569 concordiam.
798 1533 876 1569 Sed
904 1539 1036 1570 tamen
1064 1532 1253 1582 quoniam
1281 1531 1353 1569 ista
1380 1539 1470 1569 sunt

137 1603 216 1633 tam
251 1595 419 1643 infirma,
448 1595 623 1634 munitur
654 1597 850 1646 quaedam
886 1597 1000 1635 nobis
1031 1598 1082 1635 ad
1115 1596 1340 1636 retinendas
1374 1610 1470 1647 opes

136 1668 287 1699 nostras
309 1668 401 1706 tuta,
425 1669 468 1699 ut
488 1674 613 1710 spero,
637 1661 723 1709 via3
753 1675 871 1711 quam
899 1662 969 1700 tibi
998 1661 1132 1700 litteris
1157 1662 1249 1700 satis
1276 1661 1469 1712 explicare

136 1739 216 1763 non
251 1739 426 1775 possum5
457 1725 742 1775 significatione
777 1740 895 1776 parva
926 1728 1133 1765 ostendam
1166 1735 1310 1766 tamen.
1370 1729 1469 1765 Vtor

137 1790 329 1840 Pompeio
356 1790 663 1829 familiarissime.
725 1791 854 1830 Video
876 1792 971 1842 quid
998 1792 1117 1831 dicas.
1177 1793 1340 1832 Cavebo
1367 1806 1468 1843 quae

79 1870 116 1901 ²5
136 1862 227 1893 sunt
266 1856 452 1901 cavenda,
494 1869 539 1894 ac
579 1856 747 1894 scribam
788 1857 882 1895 alias
916 1858 967 1896 ad
1007 1865 1044 1896 te
1078 1859 1128 1896 de
1164 1857 1260 1896 meis
1295 1857 1467 1896 consiliis

136 1921 400 1970 capessendae
430 1920 483 1958 rei
514 1921 696 1970 publicae
726 1923 846 1971 plura.

191 1985 404 2023 Lucceium
435 1985 534 2024 scito
564 1988 812 2024 consulatum
846 1988 991 2026 habere
1017 1987 1056 2025 in
1083 1987 1218 2027 animo
1242 1988 1372 2026 statim
1405 2002 1468 2038 pe·
1487 2001 1522 2027 11

136 2057 225 2089 tere.
269 2053 361 2089 Duo
382 2050 487 2089 enim
502 2051 575 2089 soli
595 2051 780 2090 dicuntur
801 2052 957 2102 petituri
977 2067 986 2099 3
1016 2054 1161 2092 Caesar
1181 2067 1271 2091 curn
1294 2067 1341 2092 eo
1363 2053 1467 2093 coire

135 2128 204 2165 per
223 2115 379 2153 Arrium
397 2115 541 2165 cogitat
558 2123 595 2153 et
619 2116 783 2154 Bibulus
805 2130 894 2154 cum
917 2118 993 2155 hoc
1015 2131 1055 2156 se
1077 2125 1187 2167 putat
1209 2132 1276 2168 per
1298 2119 1341 2157 C.
1362 2117 1467 2157 Piso-

179 2230 198 2257 4
221 2217 337 2248 Asiam
356 2219 437 2248 Aul.
455 2231 460 2250 :
487 2219 606 2249 Asiani
626 2219 666 2248 M
796 2231 814 2259 5
841 2221 1073 2251 conduxerant
1092 2221 1213 2251 Rosius
1334 2232 1371 2252 10
1395 2226 1469 2253 ante

135 2272 299 2292 summum
317 2262 392 2292 add.
423 2262 490 2293 Sed
509 2263 636 2302 vasm·
772 2274 807 2301 13
834 2264 1069 2294 liberalissimo
1099 2265 1144 2294 C:
1178 2266 1401 2296 libentissimo
1429 2267 1469 2296 syl

138 2307 184 2341 16,
202 2315 237 2343 17
260 2309 359 2344 atque
377 2311 449 2335 erat
462 2307 540 2337 coni.
555 2306 654 2336 Boot:
681 2307 735 2344 qui
755 2311 827 2337 erat
844 2307 930 2338 codd,
945 2319 950 2338 :
975 2309 1055 2346 quin
1075 2313 1147 2338 erat
1160 2308 1300 2340 Rosius:
1327 2315 1465 2348 eratque

134 2349 357 2387 Bitschofsky:
381 2359 454 2379 cum
472 2354 544 2379 erat
562 2350 660 2379 Klotz
759 2361 798 2389 27
824 2351 1034 2380 consulatum
1052 2352 1121 2381 secl.
1140 2351 1232 2381 Cobet
1329 2354 1371 2382 28
1394 2364 1460 2392 sqq.

137 2393 225 2432 (cum
245 2416 251 2422 .
271 2415 278 2423 .
300 2416 307 2422 .
326 2394 465 2431 cogitat)
485 2396 514 2422 et
531 2400 618 2422 (cum
636 2417 642 2424 .
666 2417 672 2424 .
693 2417 700 2423 .
719 2395 894 2433 coniungi)
923 2395 955 2424 in
977 2394 1199 2434 parenthesim
1225 2395 1360 2426 includit
1383 2396 1466 2427 Lelz-

137 2445 252 2475 marm,
271 2440 431 2466 commate
441 2440 517 2476 post
529 2437 667 2475 petituri
683 2438 786 2477 posito
