1732 2661
157 177 246 215 II.i
560 179 614 217 M.
647 178 813 216 TVLLI
847 178 1151 216 CICERONIS

190 290 294 327 furor
316 289 505 327 Pulchelli
528 288 707 339 progredi
726 296 868 338 posset,
886 290 999 326 valde
1020 302 1092 338 ego
1113 296 1150 326 te
1171 288 1275 326 istim
1297 287 1516 326 excitarem.

191 355 337 391 Verum
360 356 555 404 praeclare
579 355 764 391 Metellus
782 353 947 402 impedit
967 361 1005 390 et
1026 353 1224 403 impediet.
1276 352 1385 401 Quid
1405 366 1520 402 quae-

190 417 272 455 ris?
310 426 367 456 est
397 420 534 456 consul
575 419 799 467 φιλόπατρις
830 425 879 464 et,
912 425 953 454 ut
985 431 1139 467 semper
1171 416 1350 463 iudicavi,
1383 425 1520 455 natura

147 487 171 525 5
192 483 328 520 bonus.
391 485 462 521 Ille
483 491 614 521 auten]
638 496 717 520 non
743 482 899 520 simulat
928 483 996 520 sed
1022 484 1138 532 plane
1166 482 1344 520 tribunus
1365 483 1414 531 pl.
1439 481 1520 520 fieri

189 546 306 596 cupit.
368 549 458 595 Qua
478 549 521 584 de
542 562 581 585 re
609 561 731 597 quom
760 547 799 584 in
827 555 964 584 senatu
991 555 1178 596 ageretur,
1202 546 1295 595 fregi
1317 545 1519 584 hominem
1539 563 1556 594 5

188 619 226 649 et
247 611 550 650 inconstantiam
573 612 656 650 eius
684 611 918 661 reprehendi
941 611 1007 661 qui
1030 613 1183 649 Romae
1205 611 1445 648 tribunatum
1467 612 1516 660 pl.

189 684 337 726 peteret
371 690 461 714 cum
498 676 536 714 in
572 677 703 715 Sicilia
742 676 1000 715 hereditatem
1040 690 1081 714 se
1120 684 1251 725 petere
1291 675 1516 722 dictitasset,

189 754 318 791 neque
335 755 478 791 magno
499 755 617 792 opere
637 741 717 780 dixi
739 755 823 779 esse
845 741 959 779 nobis
976 741 1248 787 laborandum,
1267 741 1375 790 quod
1397 740 1520 778 nihilo

189 805 310 855 magis
327 805 361 843 ei
383 805 579 844 liciturum
600 814 701 845 esset
718 805 875 856 plebeio
896 819 976 843 rem
998 805 1196 854 publicam
1218 806 1380 854 perdere
1401 818 1518 854 quam

189 870 381 908 similibus
408 870 491 908 eius
520 884 582 909 me
603 872 765 909 consule
786 869 956 920 patriciis
978 877 1079 907 esset
1100 869 1260 907 licitum.
1322 871 1406 907 Iam
1429 883 1518 906 cum
1542 885 1580 907 10

189 948 230 973 se
251 935 314 973 ille
335 935 504 985 septimo
529 935 592 973 die
614 935 766 973 venisse
795 948 818 972 a
844 936 942 972 freto
963 947 1091 983 neque
1113 933 1186 971 sibi
1208 933 1363 971 obviam
1386 947 1519 982 quem-

189 1013 308 1050 quam
347 1000 503 1050 prodire
542 1000 717 1050 potuisse
751 1007 789 1037 et
824 1006 943 1037 noctu
984 1012 1024 1036 se
1064 998 1243 1035 introisse
1280 997 1439 1036 dixisset
1479 998 1518 1035 in

189 1078 317 1114 eoque
347 1078 387 1102 se
417 1065 455 1102 in
488 1065 674 1103 contione
696 1064 886 1110 iactasset,
911 1063 1007 1100 nihil
1035 1062 1070 1100 ei
1098 1062 1188 1101 novi
1217 1062 1295 1100 dixi
1316 1062 1516 1100 accidisse.

193 1132 276 1167 ‘Ex
306 1129 437 1167 Sicilia
466 1129 635 1179 septimo
665 1129 729 1167 die
756 1131 954 1174 Romam3
982 1135 1072 1165 ante
1101 1127 1222 1165 tribus
1253 1126 1358 1164 horis
1390 1128 1519 1164 Roma

192 1196 469 1232 Interamnam.
531 1196 663 1232 Noctu
694 1192 886 1239 introisti3
915 1192 1021 1230 idem
1048 1199 1149 1229 ante.
1211 1193 1304 1229 Non
1332 1199 1389 1229 est
1420 1191 1517 1228 itum
1541 1203 1578 1233 15

189 1259 372 1301 obviam:
403 1273 451 1297 ne
479 1267 561 1297 tum
584 1259 745 1309 quidem
773 1270 895 1308 quom
927 1257 969 1294 iri
1000 1256 1168 1294 maxime
1189 1256 1350 1294 debuit)
1411 1256 1519 1305 Quid

189 1325 375 1374 quaeris?
406 1324 607 1363 hominem
630 1325 873 1373 petulantem
896 1323 1119 1360 modestum
1143 1323 1266 1360 reddo
1288 1335 1367 1359 non
1391 1323 1518 1359 solum

190 1398 377 1440 perpetua
397 1389 583 1439 gravitate
604 1388 791 1427 orationis
819 1389 888 1426 sed
913 1387 1030 1426 etiam
1052 1388 1127 1425 hoc
1148 1400 1289 1436 genere
1311 1386 1516 1424 dictorum.

191 1457 331 1504 Itaque
366 1455 441 1492 iam
476 1454 712 1492 familiariter
744 1467 834 1492 cum
867 1453 952 1503 ipso
984 1452 1142 1490 cavillor
1177 1466 1222 1489 ac
1258 1452 1390 1498 iocor;
1423 1452 1518 1501 quin

189 1519 305 1557 etiam
338 1533 428 1557 cum
461 1519 716 1557 candidatum
747 1520 1042 1563 deduceremus,
1076 1517 1224 1566 quaerit
1255 1531 1301 1555 ex
1330 1530 1393 1554 me
1424 1530 1517 1554 num
1541 1535 1577 1556 20

190 1598 442 1623 consuessem
492 1585 630 1623 Siculis
679 1586 810 1623 locum
858 1583 1138 1634 gladiatoribus
1187 1584 1288 1621 dare.
1355 1582 1514 1632 Negavi.

190 1652 199 1668 ‘
215 1652 267 1687 At
287 1652 381 1700 ego'
403 1649 529 1699 inquit
549 1653 698 1688 ‘novus
720 1658 905 1700 patronus
929 1649 1129 1687 instituam
1149 1664 1155 1695 ;
1185 1650 1255 1687 sed
1276 1662 1392 1694 soror,
1417 1661 1518 1697 quae

190 1722 340 1752 tantum
377 1715 519 1752 habeat
553 1715 767 1752 consularis
802 1715 888 1761 loci,
927 1729 1050 1753 unum
1086 1714 1179 1752 mihi
1216 1715 1342 1751 solum
1375 1714 1516 1763 pedem

189 1781 280 1817 dats
340 1779 478 1817 ‘Noli'
510 1779 670 1828 inquam
711 1781 785 1818 ‘de
825 1793 905 1817 uno
938 1781 1039 1830 pede
1079 1778 1219 1817 sororis
1254 1777 1387 1828 queri3
1429 1777 1517 1815 licet

188 1844 305 1882 etiam
326 1846 489 1882 alterum
512 1846 648 1882 tollas.>
704 1847 796 1883 Non
819 1847 1024 1883 consulare
1046 1843 1197 1894 inquies
1227 1843 1388 1881 dictum.
1450 1844 1517 1880 Fa·
1538 1859 1576 1891 25

188 1917 294 1955 teor3
324 1911 393 1947 sed
423 1922 495 1958 ego
526 1909 630 1946 illam
662 1910 727 1947 odi
760 1912 861 1948 male
892 1911 1149 1948 consularem.
1211 1910 1295 1945 ‘Ea
1324 1916 1382 1945 est
1412 1907 1516 1945 enim

187 1973 383 2019 seditiosa,
424 1987 469 2011 ea
507 1987 597 2011 cum
640 1974 721 2011 viro
760 1975 907 2012 bellum
947 1973 1067 2023 gerit⁷
1102 1986 1230 2022 neque
1264 1974 1391 2010 solum
1426 1985 1516 2010 cum

230 2087 248 2115 5
275 2078 315 2106 de
341 2076 414 2106 add.
445 2078 530 2117 vulg.
644 2089 660 2116 7
687 2078 908 2108 heredita‘cm
942 2076 1016 2107 Ml:
1043 2076 1246 2107 aedilitatem
1266 2075 1321 2105 M2'
1340 2075 1517 2105 cm'tamen

187 2121 375 2160 refragatur
402 2121 502 2160 Frag.
530 2131 566 2159 15
596 2121 763 2151 Orationis
791 2122 823 2150 in
851 2121 1002 2151 Clodr'mn
1036 2125 1065 2150 ct
1092 2120 1277 2151 Curionem.
1306 2122 1342 2148 ul
1368 2119 1519 2148 indicavi!

186 2163 285 2193 Reid:
312 2165 580 2195 heraedilitatem
609 2160 674 2195 Zb:
703 2165 819 2194 Herae
854 2165 1059 2195 aedilitatem
1088 2163 1228 2193 Rosius:
1263 2162 1422 2192 Himerae
1458 2163 1519 2193 (ml

188 2207 306 2239 Hirro)
326 2208 527 2237 aedilitatem
551 2209 631 2239 conf.
657 2208 816 2238 Graevius
905 2218 941 2237 se
966 2212 1085 2246 petere
1111 2205 1296 2236 dictitasset
1314 2210 1409 2236 vem:
1434 2215 1515 2243 sepe

186 2249 535 2281 hereditassetAFZb:
560 2251 898 2289 sepedictitassctM⁵
994 2261 1030 2289 13
1048 2249 1297 2280 accidisse.·Ex
1315 2272 1321 2278 .
1337 2272 1343 2278 .
1363 2249 1512 2278 .debuit’

185 2293 367 2333 Slernkopf
475 2305 511 2332 14
538 2300 615 2325 ante
634 2293 830 2324 Lz'lznlann:
855 2306 873 2324 a
887 2295 947 2324 ill:
970 2300 1002 2324 at
1013 2293 1131 2324 Lamb.
1151 2305 1156 2323 ;
1180 2304 1245 2322 om.
1259 2292 1372 2322 Baiter
1476 2301 1513 2330 15

188 2338 332 2368 introisti
355 2338 549 2377 Slernkopf:
584 2339 743 2368 introisse
769 2338 858 2368 codd.
887 2338 974 2376 vulg.
1087 2337 1174 2366 idem
1200 2338 1253 2375 (sc.
1271 2336 1398 2375 fheistij)
1422 2334 1509 2365 codd.

187 2380 377 2421 Sternkosfff:
412 2382 491 2410 item
519 2382 605 2420 vulg.
743 2388 793 2412 est
822 2381 909 2412 codd.
941 2380 1131 2420 Stertikopf:
1158 2390 1233 2409 esse
1250 2379 1338 2418 vulg.
1476 2379 1514 2407 16

188 2424 300 2454 debuit
314 2424 400 2455 codd.
421 2424 614 2464 Slrv‘nkops:
636 2425 790 2454 debuerit
807 2425 907 2455 Orelli
1007 2434 1047 2462 23
1066 2424 1165 2453 habet
1179 2422 1310 2452 Ernesti
1397 2424 1447 2461 26,
1469 2431 1510 2459 27

189 2470 196 2483 ‘
211 2467 258 2497 Ea
279 2492 285 2498 .
307 2492 312 2497 .
337 2492 342 2498 .
361 2469 464 2506 gerit'
484 2479 593 2498 versus
610 2469 766 2498 iambicus
786 2469 814 2498 si
828 2474 878 2498 est
895 2468 982 2497 enim
1001 2468 1198 2497 01711'tt1ml11r
