1773 2651
157 181 232 218 III.
258 182 334 217 xix
642 184 695 220 M.
729 184 895 221 TVLLI
929 185 1235 223 CICERONIS

276 295 643 333 aerumnosissimae
671 295 842 333 mulieris
858 296 1066 335 Terentiae
1094 311 1166 335 nec
1194 297 1431 336 miserrimae
1454 296 1605 352 [mulie-

277 357 344 411 ris]
376 360 570 399 Tulliolae
602 361 914 399 obsecrationem
948 369 985 400 et
1013 362 1139 401 fidelis
1170 362 1316 400 litteras
1346 370 1441 401 tuas.
1504 364 1604 402 Mihi

277 424 418 474 Epirus
438 434 505 463 aut
526 425 596 464 iter
616 426 666 463 ad
688 427 853 464 salutem
874 426 984 464 dabit
1004 435 1070 465 aut
1092 429 1200 477 quod
1221 427 1356 477 scripsi
1378 441 1502 478 supra.

233 497 256 533 3
331 491 389 528 Te
420 503 488 528 oro
518 498 555 528 et
582 491 758 536 obsecro,
776 492 822 527 T.
847 491 1053 541 Pomponi,
1084 491 1115 529 si
1145 506 1208 530 me
1238 492 1423 531 omnibus
1452 493 1605 543 amplis-

276 554 394 600 simis,
422 555 629 593 carissimis
657 555 1029 605 iucundissimisque
1059 557 1174 595 rebus
1204 557 1367 607 perfidia
1398 558 1604 596 hominum
1626 573 1642 603 5

275 620 495 669 spoliatum,
520 621 549 658 si
579 634 641 659 me
668 634 691 658 a
716 621 812 658 meis
842 621 1070 659 consiliariis
1101 622 1300 671 proditum
1328 630 1365 661 et
1386 623 1604 673 proiectum

275 685 393 731 vides
427 685 457 723 si
492 686 683 735 intellegis
720 700 782 724 me
814 694 995 724 coactum
1028 694 1070 724 ut
1100 687 1182 737 ipse
1218 702 1280 725 me
1315 695 1353 726 et
1385 701 1494 726 meos
1524 702 1605 739 per-

273 751 418 795 derem,
449 758 490 788 ut
520 765 583 789 me
614 759 680 789 tua
715 751 980 789 misericordia
1010 751 1118 790 iuves
1152 760 1190 790 et
1221 753 1416 801 Quintum
1448 755 1603 792 fratrem

273 815 339 864 qui
360 824 489 865 potest
511 830 594 854 esse
619 817 747 854 salvus
775 824 979 861 sustentes
996 817 1222 855 Terentiam
1244 818 1467 868 liberosque
1495 832 1604 857 meos

274 888 419 928 tueare,
447 895 523 929 me,
551 881 582 919 si
614 888 727 931 putas
758 890 795 920 te
826 881 911 919 istic
942 881 1125 927 visurum,
1156 890 1371 932 exspectes,
1399 883 1429 921 si
1460 883 1599 929 minus,
1626 898 1664 919 10

273 945 426 992 invisas,
460 946 490 984 si
530 954 652 996 potes,
688 946 864 996 mihique
903 960 949 984 ex
987 960 1079 997 agro
1120 955 1188 985 tuo
1229 955 1381 985 tanturn
1421 947 1603 997 adsignes

273 1019 464 1059 quantum
500 1025 590 1050 meo
624 1025 786 1061 corpore
821 1011 1004 1061 occupari
1040 1019 1180 1062 potest,
1212 1019 1249 1050 et
1280 1025 1421 1061 pueros
1455 1013 1505 1050 ad
1540 1026 1603 1050 me

272 1089 361 1113 cum
380 1077 514 1115 litteris
536 1091 654 1126 quam
676 1077 846 1127 primum
868 1084 906 1116 et
922 1091 1041 1128 quam
1063 1077 1290 1128 saepissime
1308 1077 1448 1115 mittas.
1502 1079 1604 1116 Data

273 1153 343 1179 xm
368 1143 455 1180 Kal.
481 1142 675 1181 Octobris.

316 1275 401 1308 XX
527 1278 594 1310 Ser.
623 1278 863 1309 Thessalonicae
879 1279 909 1309 z'v
926 1279 1011 1309 Non.
1034 1279 1102 1309 Oct.
1121 1290 1150 1310 a.
1172 1279 1236 1317 696
1260 1280 1344 1318 κ58).
1625 1295 1661 1325 ¹5

281 1367 457 1399 CICERO
484 1367 517 1398 S.
548 1368 585 1398 D.
614 1367 653 1406 Q.
683 1367 906 1398 CAECILIO
932 1367 971 1406 Q.
1000 1367 1033 1398 F.
1062 1367 1377 1398 POMPONIANO
1402 1369 1584 1407 ATTICO,

241 1458 384 1507 1quod
419 1457 581 1507 quidem
616 1456 667 1494 ita
701 1469 786 1494 esse
820 1464 858 1494 et
888 1458 1127 1494 avunculum
1160 1463 1271 1494 tuum
1304 1458 1482 1496 functum
1518 1471 1603 1497 esse

274 1523 403 1561 officio
432 1522 776 1560 vehementissime
810 1522 945 1572 probo,
981 1523 1151 1571 gaudere
1182 1535 1246 1560 me
1281 1529 1364 1560 turn
1399 1523 1542 1570 dicam,
1572 1523 1603 1561 si

271 1588 367 1625 mibi
402 1588 477 1626 hoc
509 1587 629 1625 verbo
663 1586 796 1625 licebit
827 1586 893 1624 uti.
960 1588 1029 1624 Me
1064 1586 1272 1625 miserum!
1314 1601 1433 1637 quam
1469 1588 1603 1626 onmia

270 1660 401 1692 essent
430 1667 477 1691 ex
506 1652 713 1695 sententia,
740 1652 771 1690 si
801 1651 916 1690 nobis
945 1651 1114 1699 animus,
1138 1652 1169 1689 si
1196 1652 1414 1699 consilium,
1445 1653 1475 1690 si
1504 1655 1601 1692 fides
1624 1673 1662 1694 20

270 1731 405 1757 eorum
436 1717 580 1768 quibus
612 1716 851 1755 credidimus
886 1730 966 1755 non
996 1716 1207 1755 defuisset!
1257 1719 1371 1766 Quae
1406 1718 1601 1767 conligere

269 1785 362 1821 nolo
384 1797 432 1821 ne
456 1796 620 1832 augeam
644 1795 859 1820 maerorem
871 1796 879 1829 ;
910 1783 979 1820 sed
1002 1781 1071 1820 tibi
1088 1781 1218 1820 venire
1240 1781 1279 1819 in
1301 1790 1473 1820 mentem
1495 1792 1601 1821 certo

268 1848 350 1886 scio
382 1861 483 1897 quae
513 1847 590 1885 vita
623 1854 725 1885 esset
759 1854 900 1893 nostra,
935 1860 1036 1896 quae
1071 1846 1249 1892 suavitas,
1283 1859 1384 1896 quae
1418 1847 1597 1897 dignitas.

268 1915 332 1951 Ad
373 1926 474 1962 quae
515 1912 777 1961 reciperanda,
822 1925 889 1962 per
932 1913 1130 1949 fortunas!
1178 1911 1378 1957 incumbe,
1412 1920 1453 1950 ut
1493 1913 1596 1959 facis,

268 1978 454 2028 diemque
481 1979 651 2015 natalem
679 1977 826 2015 reditus
854 1976 930 2014 mei
955 1990 1047 2014 cura
1067 1984 1109 2014 ut
1129 1976 1168 2014 in
1190 1976 1265 2013 tuis
1285 1976 1450 2015 aedibus
1471 1991 1599 2016 amoe-
1620 1995 1657 2027 ²5

269 2043 439 2081 nissimis
477 2057 589 2093 agam
630 2051 760 2081 tecum
800 2050 838 2080 et
877 2056 967 2080 cum
1007 2042 1114 2080 meis.
1185 2043 1270 2091 Ego
1309 2041 1400 2079 huic
1439 2042 1521 2092 spei
1561 2050 1598 2081 et

268 2108 549 2158 exspectationi
581 2122 681 2158 quae
716 2107 831 2146 nobis
863 2107 1094 2158 proponitur
1128 2107 1295 2144 maxime
1330 2114 1461 2145 tamen
1493 2107 1598 2146 volui

269 2173 494 2224 praestolari
527 2175 633 2223 apud
666 2182 703 2211 te
738 2173 777 2210 in
814 2172 945 2222 Epiro,
978 2174 1047 2210 sed
1079 2172 1131 2210 ita
1165 2173 1215 2210 ad
1250 2185 1313 2210 me
1347 2172 1526 2210 scribitur
1556 2181 1598 2211 ut

270 2246 403 2288 putem
431 2252 515 2276 esse
542 2238 792 2276 commodius
818 2251 890 2276 nos
916 2237 1066 2276 eisdem
1093 2237 1131 2274 in
1159 2237 1254 2275 locis
1280 2250 1374 2275 esse.

228 2314 252 2340 2
327 2306 387 2341 De
422 2305 542 2341 domo
582 2312 619 2341 et
655 2303 838 2341 Curionis
877 2302 1053 2340 oratione
1087 2310 1128 2340 ut
1160 2301 1295 2340 scribis
1330 2302 1381 2340 ita
1416 2312 1483 2340 est.
1549 2305 1596 2341 In
1617 2319 1656 2349 30

319 2419 329 2437 1
357 2408 507 2438 mulieris
525 2411 599 2437 ante
615 2407 781 2439 Tulliolae
798 2407 865 2438 secl.
883 2406 1085 2438 Bentivolms
1203 2416 1241 2446 27
1268 2407 1412 2438 maxima
1431 2406 1598 2439 Corradus

270 2452 400 2492 tamen]
419 2451 482 2482 iam
505 2451 580 2483 Otto
