1773 2651
637 137 747 173 EPP.
781 137 858 173 AD
888 137 1147 175 ATTICVM
1485 140 1531 176 V.
1555 149 1618 175 xx

181 244 487 295 honorificisque
519 245 645 284 verbis
676 246 804 284 omnis
835 246 993 285 iniurias
1024 247 1245 286 revellimus
1281 248 1511 298 superiores,

179 311 287 359 quod
316 311 421 349 idem
454 313 624 358 Colossis,
648 312 740 350 dein
763 315 964 362 Apameae
990 313 1165 363 quinque
1193 314 1276 353 dies
1303 315 1443 354 morati
1475 323 1513 354 et

180 376 374 424 Synnadis
409 377 592 423 triduum,
631 377 839 416 Philomeli
875 378 1051 428 quinque
1085 379 1180 426 dies,
1220 380 1332 418 Iconi
1372 382 1511 419 decem

179 440 354 479 fecimus.
416 441 523 479 Nihil
554 455 600 479 ea
628 441 719 480 iuris
750 442 924 480 dictione
953 443 1209 493 aequabilius,
1242 445 1339 482 nihil
1371 445 1507 491 lenius,

141 516 156 547 5
179 505 275 543 nihil
314 505 477 555 gravius.
539 507 639 545 Inde
678 506 718 544 in
757 516 882 546 castra
920 508 1008 546 veni
1046 522 1079 546 a.
1121 510 1159 547 d.
1201 522 1258 547 vil
1307 512 1553 548 Kalendas2

179 571 431 620 Septembris.
490 573 537 608 A.
569 573 605 609 d.
640 584 685 609 111
726 572 937 610 exercitum
970 573 1127 611 lustravi
1166 575 1273 624 apud
1314 575 1507 614 Iconium.

180 637 239 672 Ex
268 635 327 673 his
358 635 502 682 castris,
526 650 616 674 cum
644 650 778 686 graves
809 638 858 675 de
890 638 1042 676 Parthis
1066 639 1194 677 nuntii
1219 640 1405 686 venirent,
1430 655 1511 690 per-

179 699 257 738 rexi
279 700 318 737 in
340 700 519 739 Ciliciam
541 715 609 750 per
631 702 908 751 Cappadociae
929 711 1078 752 partem
1101 717 1187 742 eam
1209 718 1309 754 quae
1331 705 1510 744 Ciliciam

178 764 342 814 attingit,
367 778 414 803 eo
444 765 609 803 consilio
640 774 682 804 ut
710 766 920 805 Armenius
942 770 1178 807 Artavasdes
1208 777 1246 808 et
1276 769 1349 819 ipsi
1379 771 1511 809 Parthi

121 845 159 867 10
179 830 435 880 Cappadocia
469 844 509 868 se
542 831 696 869 excludi
728 840 921 881 putarent.
980 834 1083 872 Cum
1123 834 1206 872 dies
1246 835 1422 885 quinque
1460 837 1511 874 ad

179 895 360 944 Cybistra
383 893 695 948 [Cappadociae]
718 904 842 934 castra
862 897 1098 945 habuissem,
1118 899 1258 938 certior
1278 913 1364 938 sum
1386 902 1510 938 factus

179 962 342 999 Parthos
377 962 428 999 ab
462 961 529 1000 illo
561 962 669 1000 aditu
703 963 981 1012 Cappadociae
1017 966 1132 1015 longe
1165 966 1314 1012 abesse,
1348 965 1510 1005 Ciliciae

178 1026 300 1076 magis
322 1026 539 1065 imminere.
601 1029 740 1078 Itaque
762 1029 970 1067 confestim
992 1029 1063 1068 iter
1084 1029 1122 1067 in
1146 1030 1324 1070 Ciliciam
1347 1031 1420 1069 feci
1442 1045 1510 1081 per

179 1091 299 1129 Tauri
320 1094 438 1142 pylas.
498 1094 665 1130 Tarsum
686 1093 775 1131 veni
801 1107 833 1131 a.
858 1095 894 1132 d.
919 1106 964 1131 111
994 1096 1130 1133 Nonas
1153 1096 1348 1134 Octobris.
1409 1098 1508 1135 Inde
1528 1104 1553 1144 3

124 1172 160 1204 15
181 1158 231 1195 ad
266 1159 464 1195 Amanum
501 1158 689 1196 contendi
724 1158 790 1208 qui
825 1159 972 1208 Syriam
1012 1173 1035 1197 a
1069 1160 1208 1199 Cilicia
1246 1160 1285 1198 in
1319 1175 1509 1211 aquarum

181 1222 345 1261 divertio
367 1222 531 1269 dividit;
561 1223 627 1273 qui
649 1237 763 1262 mons
785 1232 864 1262 erat
892 1224 1064 1262 hostium
1093 1227 1231 1275 plenus
1259 1226 1512 1277 sempiterno-

179 1301 276 1326 rum.
320 1287 400 1325 Hic
420 1302 453 1326 a.
472 1289 508 1326 d.
530 1301 574 1326 111
600 1289 695 1326 Idus
719 1289 880 1328 Octobr.
905 1303 1090 1339 magnum
1113 1304 1320 1329 numerum
1338 1291 1511 1330 hostium

178 1353 407 1391 occidimus.
469 1354 640 1393 Castella
678 1354 940 1392 munitissima
974 1363 1169 1394 nocturno
1208 1357 1406 1407 Pomptini
1446 1359 1512 1396 ad-

177 1426 306 1464 ventu,
331 1426 465 1457 nostro
494 1418 688 1457 matutino
713 1419 901 1468 cepimus,
929 1419 1188 1458 incendimus.
1250 1423 1510 1472 Imperatores

118 1502 158 1524 20
177 1483 361 1533 appellati
383 1498 530 1523 sumus.
580 1485 717 1523 Castra
737 1498 885 1534 paucos
906 1484 990 1523 dies
1012 1486 1222 1524 habuimus
1243 1500 1288 1525 ea
1308 1486 1392 1537 ipsa
1408 1501 1509 1537 quae

177 1556 312 1586 contra
341 1549 503 1587 Darium
533 1550 722 1587 habuerat
748 1551 855 1599 apud
886 1551 1014 1587 Issum
1042 1552 1275 1598 Alexander,
1299 1551 1509 1602 imperator

176 1615 283 1652 haud
305 1616 423 1663 paulo
446 1614 582 1653 melior
604 1628 721 1664 quam
749 1622 817 1652 aut
838 1622 878 1652 tu
899 1622 966 1652 aut
993 1629 1078 1665 ego.
1138 1616 1199 1653 Ibi
1221 1616 1304 1654 dies
1332 1617 1508 1668 quinque

177 1679 315 1718 morati
337 1679 490 1730 direpto
512 1688 549 1719 et
570 1689 720 1719 vastato
742 1682 898 1719 Amano
919 1680 1012 1719 inde
1033 1681 1296 1721 discessimus.
1343 1683 1507 1722 Interim

178 1744 269 1794 (scis
308 1745 413 1783 enim
453 1745 531 1784 dici
567 1747 763 1795 quaedam
802 1747 946 1792 πανικοί,
989 1746 1066 1784 dici
1105 1746 1199 1785 item
1237 1750 1283 1786 τὰ
1322 1750 1406 1787 κενὰ
1443 1753 1508 1787 τοῦ

118 1830 155 1861 25
176 1810 359 1860 πολέμου)
390 1825 544 1850 rumore
574 1813 767 1850 adventus
802 1812 922 1851 nostri
953 1819 990 1850 et
1026 1813 1164 1852 Cassio
1199 1813 1265 1863 qui
1295 1814 1508 1853 Antiochia

176 1876 383 1915 tenebatur
420 1877 574 1914 animus
613 1877 777 1915 accessit
812 1885 849 1915 et
885 1877 1036 1915 Parthis
1075 1877 1191 1916 timor
1229 1878 1395 1918 iniectus
1434 1888 1503 1919 est.

178 1941 317 1990 Itaque
339 1955 405 1980 eos
427 1942 602 1980 cedentis
630 1943 680 1980 ab
702 1941 851 1991 oppido
881 1941 1039 1981 Cassius
1068 1942 1267 1981 insecutus
1295 1958 1376 1982 rem
1401 1945 1504 1983 bene

174 2006 302 2055 gessit.
364 2008 454 2055 Qua
474 2007 512 2044 in
541 2009 631 2056 fuga
655 2020 796 2057 magna
819 2007 1050 2045 auctoritate
1071 2008 1219 2046 Osaces
1247 2010 1325 2047 dux
1348 2011 1505 2048 Partho-

176 2084 260 2108 rum
281 2072 421 2109 vulnus
442 2072 593 2121 accepit
615 2085 742 2121 eoque
763 2072 907 2110 interiit
927 2072 1062 2121 paucis
1083 2081 1171 2122 post
1199 2073 1350 2112 diebus.
1412 2077 1504 2113 Erat

115 2153 156 2183 30
175 2134 215 2172 in
237 2136 344 2184 Syria
364 2145 540 2174 nostrum
570 2150 715 2175 nomen
741 2136 779 2174 in
801 2137 931 2186 gratia.
991 2138 1110 2175 Venit
1137 2138 1291 2176 interim
1315 2139 1479 2177 Bibulus
1495 2155 1504 2187 ,·
1522 2151 1547 2189 4

222 2249 248 2272 1,
268 2250 287 2269 2
311 2240 505 2279 superiores
523 2264 530 2271 .
551 2265 556 2270 .
576 2265 582 2271 .
604 2240 698 2280 dein]
728 2241 913 2279 superioris
938 2242 996 2279 (ila
1015 2241 1072 2279 M]
1091 2243 1292 2280 quadrienni
1313 2243 1478 2274 Corradus
1495 2256 1503 2275 z

174 2283 361 2322 superioris
377 2284 577 2322 quadrienni
596 2296 602 2314 :
627 2285 715 2313 idem
734 2285 812 2314 dein
836 2284 958 2324 YJvrrcll
1066 2295 1084 2314 2
1111 2285 1261 2316 Colossis
1278 2286 1355 2318 add.
1374 2287 1505 2317 Schiche

173 2327 279 2365 spatio
302 2331 420 2366 septem
445 2327 629 2357 lz'llcrarnm
661 2328 694 2356 in
726 2327 767 2356 M
795 2328 897 2358 relicto
1109 2339 1142 2358 11
1171 2329 1406 2369 Cappadociae
1432 2331 1502 2363 secl.

172 2369 325 2400 Ernesti:
339 2370 421 2408 sort.
439 2370 675 2409 Cappadociae
693 2370 864 2402 castellum
999 2381 1040 2411 23
1067 2371 1208 2403 Interim
1226 2373 1290 2404 ΣΙε
1315 2385 1380 2404 om.
1400 2379 1428 2404 Δ

1357 2469 1415 2498 11*
