1732 2661
597 181 708 217 EPP.
741 181 817 216 AD
849 179 1107 216 ATTICVM
1466 179 1518 215 ΙΙ.
1539 179 1628 215 xxii

185 294 281 344 quid
312 307 399 332 mea
428 295 620 338 voluntas,
655 291 749 341 quid
781 299 947 340 tempus,
980 291 1075 339 quid
1107 289 1159 327 rei
1191 289 1420 339 magnitudo
1452 303 1515 339 po-

186 361 300 397 stulet
322 358 525 408 intellegis.

241 426 302 462 De
332 438 371 462 re
400 423 559 474 publica
589 422 686 460 nihil
714 423 843 460 habeo
871 423 921 459 ad
950 429 987 459 te
1017 422 1184 459 scribere
1213 421 1286 458 nisi
1315 433 1514 458 summum
1536 423 1563 458 6

185 489 321 527 odium
344 489 522 527 omnium
550 488 758 526 hominum
781 487 820 524 in
842 500 909 525 eos
931 486 998 536 qui
1020 494 1155 524 tenent
1183 485 1326 523 omnia.
1389 487 1517 522 Muta-

149 566 164 597 5
185 554 302 592 tionis
334 563 467 593 tamen
501 569 589 605 spes
619 557 737 593 nulla.
797 556 885 601 Sed,
917 555 1025 604 quod
1056 554 1168 592 facile
1198 553 1354 599 sentias,
1386 554 1517 590 taedet

185 620 314 670 ipsum
346 620 581 670 Pompeium
602 622 937 668 vehementerque
966 618 1150 669 paenitet.
1213 620 1305 656 Non
1328 617 1517 667 provideo

185 684 276 723 satis
315 698 435 734 quem
475 685 622 723 exitum
662 687 835 722 futurum
876 692 1041 734 putem;
1085 685 1153 721 sed
1193 692 1297 721 certe
1337 682 1518 720 videntur

185 751 283 788 haec
311 749 444 799 aliquo
473 758 666 799 eruptura.

240 814 379 852 Libros
401 814 624 861 Alexandri,
644 814 886 864 neglegentis
907 814 1079 852 hominis
1101 822 1138 851 et
1160 827 1240 850 non
1262 812 1357 850 boni
1378 819 1518 861 poetae
1538 821 1561 859 7

128 893 168 915 10
186 880 256 917 sed
278 887 409 917 tamen
430 893 511 916 non
532 878 690 924 inutilis,
715 878 784 916 tibi
807 878 948 916 remisi.
1007 877 1241 915 Numerium
1263 876 1517 914 Numestium

186 944 352 982 libenter
371 943 507 993 accepi
527 943 567 980 in
595 943 808 981 amicitiam
830 951 868 980 et
889 942 1093 980 hominem
1113 954 1269 991 gravem
1291 948 1329 978 et
1352 941 1519 989 pruden-

185 1018 264 1048 tem
285 1017 323 1048 et
344 1009 509 1059 dignum
530 1017 597 1046 tua
618 1008 967 1047 commendatione
988 1007 1166 1057 cognovi.

228 1108 389 1144 XXIII
464 1110 533 1144 Ser.
556 1111 685 1143 Romae
701 1116 776 1142 ante
790 1123 833 1142 xv
858 1110 901 1142 K.
920 1110 1001 1143 Now.
1023 1122 1052 1144 a.
1074 1112 1133 1150 695
1154 1126 1159 1144 ι
1174 1112 1223 1151 ἴῳ)
1238 1122 1248 1141 .·

664 1156 744 1196 forl.
763 1155 866 1186 malso
884 1166 926 1186 m.
945 1155 1033 1186 Sari.

128 1246 163 1276 15
603 1235 777 1265 CICERO
804 1233 974 1264 ATTICO
1001 1232 1098 1264 SAL.

240 1317 471 1366 Numquam
502 1324 593 1354 ante
622 1314 789 1353 arbitror
816 1322 853 1352 te
875 1313 1082 1363 epistulam
1115 1325 1243 1350 meam
1276 1311 1414 1361 legisse
1444 1310 1518 1348 nisi
1540 1324 1556 1350 1

186 1395 273 1419 mea
295 1395 414 1418 manu
442 1380 638 1430 scriptam.
702 1382 759 1417 Ex
789 1393 837 1418 eo
864 1378 1046 1428 colligere
1066 1377 1211 1427 poteris
1233 1385 1378 1426 quanta
1406 1390 1520 1414 occu—

185 1446 344 1496 patione
366 1446 564 1484 distinear.
617 1447 722 1483 Nam
744 1458 835 1482 cum
857 1442 970 1481 vacui
991 1442 1178 1491 temporis
1199 1441 1296 1479 nihil
1318 1442 1516 1489 haberem,

186 1520 223 1549 et
253 1525 344 1549 cum
369 1512 605 1549 recreandae
626 1511 790 1548 voculae
818 1522 936 1547 causa
963 1520 1123 1545 necesse
1145 1514 1246 1544 esset
1268 1505 1363 1543 mihi
1384 1507 1519 1544 ambu-

129 1595 167 1615 20
186 1577 274 1623 lare,
299 1577 395 1614 haec
423 1575 567 1614 dictavi
594 1575 814 1613 ambulans.
877 1572 1051 1610 Primum
1083 1571 1197 1621 igitur
1226 1570 1323 1609 illud
1353 1578 1391 1608 te
1421 1571 1519 1608 scire
1537 1581 1562 1607 2

185 1643 287 1689 volo,
328 1641 685 1691 Sampsiceramum
733 1647 911 1677 nostrum
959 1637 1131 1675 amicum
1170 1637 1422 1674 vehementer
1460 1635 1519 1673 sui

186 1715 308 1745 status
343 1705 542 1756 paenitere
573 1704 803 1754 restituique
835 1704 873 1741 in
905 1717 995 1741 eum
1027 1704 1159 1740 locum
1191 1715 1334 1751 cupere
1364 1714 1410 1739 ex
1439 1714 1519 1750 quo

186 1772 345 1818 decidit,
382 1773 641 1820 doloremque
673 1783 787 1807 suum
823 1768 1020 1818 impertire
1061 1766 1176 1805 nobis
1208 1774 1246 1804 et
1280 1766 1518 1804 medicinam

187 1837 384 1875 interdum
414 1844 547 1886 aperte
577 1849 773 1885 quaerere,
798 1847 916 1883 quam
946 1847 1018 1882 ego
1047 1845 1209 1882 possum
1234 1831 1408 1869 invenire
1439 1832 1521 1868 nul-

130 1914 167 1944 25
187 1903 292 1949 lam3
333 1901 478 1939 deinde
518 1900 646 1939 omnis
677 1899 779 1936 illius
812 1898 929 1948 partis
962 1905 1141 1935 auctores
1172 1910 1218 1934 ac
1251 1896 1379 1934 socios
1411 1897 1520 1933 nullo

186 1967 407 2005 adversario
456 1980 749 2012 consenescere,
792 1964 1097 2002 consensionem
1137 1963 1406 2001 universorum
1446 1977 1519 2001 nec

188 2033 398 2071 voluntatis
428 2046 501 2070 nec
532 2031 723 2070 sermonis
755 2030 943 2068 maiorem
976 2042 1166 2078 umquam
1196 2028 1325 2066 fuisse.

242 2100 327 2137 Nos
357 2106 489 2136 autem
519 2098 626 2148 (nam
654 2097 693 2134 id
722 2105 759 2134 te
787 2096 884 2133 scire
915 2108 1058 2144 cupere
1089 2102 1197 2132 certo
1227 2093 1326 2143 scio)
1352 2092 1518 2143 publicis
1537 2101 1562 2138 3

188 2164 359 2202 consiliis
381 2164 496 2201 nullis
518 2163 755 2200 intersumus
771 2169 956 2210 totosque
978 2173 1049 2197 nos
1071 2160 1122 2197 ad
1142 2160 1337 2196 forensem
1359 2172 1517 2208 operam

131 2245 172 2276 30
188 2230 442 2279 laboremque
472 2228 722 2266 contulimus.
784 2228 843 2264 Ex
864 2239 954 2276 quo,
979 2226 1087 2275 quod
1110 2223 1222 2262 facile
1242 2223 1413 2272 intellegi
1434 2237 1519 2272 pos-

235 2339 268 2358 11
296 2328 641 2368 pudentemFacmms
732 2336 771 2362 24
797 2335 897 2363 posse
917 2324 1061 2353 inveniri
1076 2322 1201 2352 nullam
1214 2328 1295 2361 puto
1308 2321 1427 2352 Lamb,
1439 2321 1521 2351 exZ

190 2371 260 2405 (sed
280 2373 308 2402 is
333 2376 407 2410 post
427 2377 491 2411 pro
518 2372 623 2409 puto«,
650 2379 748 2408 neque
770 2368 864 2398 aliter
884 2365 958 2396 HN
979 2365 1037 2395 sed
1055 2365 1091 2394 [η’
1108 2375 1211 2404 posse
1234 2365 1282 2394 vel
1303 2374 1438 2403 possum
1459 2370 1521 2403 pro

190 2420 289 2454 puto:
318 2425 453 2454 possem
478 2414 632 2444 invenire
659 2412 782 2442 nullam
806 2409 924 2441 OPMs
947 2408 1032 2439 mide
1056 2418 1192 2448 possum
1220 2408 1370 2437 invenire
1396 2408 1518 2437 nullam

191 2458 356 2497 Graevius,
384 2458 419 2497 cf
441 2458 615 2488 Lehmann
637 2453 739 2486 ‘Ans
757 2465 789 2494 p.
811 2464 867 2493 175
