1773 2651
576 180 688 218 EPP.
720 180 799 217 AD
827 178 1088 217 ATTICVM
1485 178 1557 215 VI.
1578 177 1609 215 ii

197 290 320 328 duum
356 289 670 339 quadriduumve
710 303 865 328 mecum
906 288 1026 327 habui
1059 288 1292 327 turbulentis
1332 287 1371 325 in
1411 288 1527 326 rebus

198 355 341 405 quibus
372 369 462 394 eum
493 354 664 393 liberavi.
726 356 803 393 Sed
836 362 873 393 et
901 362 984 392 tum
1011 367 1195 404 praesens
1225 362 1262 392 et
1288 361 1424 404 postea
1451 367 1529 392 cre-

198 419 375 458 berrimis
410 419 543 457 litteris
579 433 659 457 non
694 419 825 458 destiti
860 432 993 468 rogare
1024 427 1063 457 et
1101 427 1232 468 petere
1272 433 1359 457 mea
1398 432 1524 465 causa,

199 486 362 523 suadere
383 493 420 523 et
442 484 585 523 hortari
614 498 692 522 sua.
756 486 929 522 Multum
957 484 1103 534 profeci
1132 485 1201 522 sed
1227 492 1417 534 quantum
1446 497 1526 521 non

160 552 325 599 5plane,
366 550 458 599 quia
495 552 611 599 longe
650 550 801 597 absum,
843 550 936 588 scio.
996 549 1229 588 Salaminios
1268 557 1400 587 autem
1438 550 1527 599 (hos

198 615 303 652 enim
338 622 514 664 poteram
549 614 746 665 coercere)
780 614 927 653 adduxi
962 622 1003 652 ut
1038 622 1164 652 totum
1196 628 1343 652 nomen
1369 614 1528 664 Scaptio

198 681 341 717 vellent
381 681 529 717 solvere
568 681 638 717 sed
670 679 894 718 centesimis
929 679 1057 718 ductis
1091 693 1114 717 a
1152 679 1328 729 proxima
1367 678 1528 728 quidem

199 745 417 794 syngrapha
437 758 510 782 nec
531 744 729 794 perpetuis
751 745 820 782 sed
842 743 1036 782 renovatis
1058 743 1281 793 quotannis.
1342 745 1530 781 Numera-

199 809 341 846 bantur
361 809 513 846 nummi
531 824 537 846 :
569 808 694 846 noluit
715 808 906 858 Scaptius.
956 811 1019 846 Tu
1041 808 1107 858 qui
1128 808 1183 846 ais
1206 810 1370 846 Brutum
1387 822 1530 858 cupere

142 886 180 908 10
198 873 347 923 aliquid
374 874 566 923 perdere?
624 874 846 922 Quaternas
870 874 1042 911 habebat
1070 873 1109 910 in
1140 875 1369 923 syngrapha.
1429 872 1529 911 Fieri

199 952 280 976 non
301 946 451 988 poterat
472 951 556 985 nec,
581 938 611 976 si
632 946 774 988 posset,
798 952 871 988 ego
892 938 971 988 pati
986 951 1154 988 possem.
1210 938 1344 976 Audio
1366 938 1529 976 omnino

199 1003 402 1053 Scaptium
436 1003 646 1054 paenitere.
708 1005 811 1041 Nam
852 1004 960 1053 quod
995 1011 1153 1041 senatus
1185 1005 1411 1042 consultum
1445 1016 1529 1041 esse

199 1068 357 1106 dicebat
387 1075 428 1106 ut
456 1068 515 1106 ius
544 1082 592 1107 ex
621 1069 841 1118 syngrapha
871 1068 1075 1114 diceretur,
1108 1081 1155 1106 eo
1187 1067 1352 1106 consilio
1384 1069 1529 1106 factum

199 1141 258 1171 est
303 1134 412 1183 quod
459 1133 668 1182 pecuniam
715 1132 915 1171 Salaminii
963 1140 1099 1171 contra
1146 1135 1272 1183 legem
1319 1133 1528 1171 Gabiniam

144 1210 180 1243 15
200 1205 456 1247 sumpserant.
516 1199 686 1236 Vetabat
706 1206 837 1236 autern
859 1198 951 1235 Auli
972 1199 1032 1236 lex
1052 1198 1111 1236 ius
1132 1197 1210 1236 dici
1231 1199 1281 1236 de
1302 1197 1354 1235 ita
1374 1205 1530 1247 sumpta

200 1262 378 1313 pecunia.
439 1263 622 1301 Decrevit
652 1262 766 1312 igitur
799 1271 957 1301 senatus
990 1271 1031 1301 ut
1066 1262 1124 1300 ius
1156 1262 1350 1301 diceretur
1380 1276 1427 1299 ex
1457 1262 1529 1299 ista

200 1329 429 1378 syngrapha.
489 1329 608 1366 Nunc
628 1327 701 1366 ista
728 1328 847 1366 habet
867 1328 958 1366 iuris
984 1328 1090 1366 idem
1112 1329 1220 1377 quod
1247 1335 1408 1374 ceterae,
1433 1327 1529 1364 nihil

200 1393 411 1443 praecipui.
471 1394 586 1431 Haec
612 1407 635 1431 a
662 1407 724 1431 me
751 1393 889 1432 ordine
910 1395 1011 1431 facta
1037 1401 1133 1443 puto
1154 1406 1217 1431 me
1246 1394 1367 1431 Bruto
1392 1393 1529 1443 proba·
1547 1393 1570 1430 8

201 1466 342 1505 turum,
367 1457 438 1496 tibi
459 1457 604 1504 nescio,
629 1458 771 1497 Catoni
788 1466 891 1496 certe
913 1459 1101 1508 probabo.

144 1539 182 1561 20
257 1524 336 1561 Sed
356 1522 433 1560 iam
450 1524 501 1561 ad
522 1530 559 1560 te
580 1522 709 1573 ipsum
731 1530 910 1561 revertor.
951 1522 1030 1560 Ain
1052 1523 1224 1570 tandem,
1242 1522 1387 1571 Attice,
1401 1523 1532 1561 lauda-

203 1596 262 1627 tor
283 1588 511 1638 integritatis
533 1596 571 1627 et
592 1588 807 1638 elegantiae
828 1596 994 1636 nostrae,

507 1666 625 1690 ausus
656 1666 696 1690 es
727 1654 803 1690 hoc
833 1666 879 1690 ex
909 1667 974 1691 ore
1004 1660 1072 1691 tuo
1094 1677 1144 1680 —
1164 1676 1230 1701 —‚

202 1717 328 1767 inquit
360 1717 523 1765 Ennius,
547 1726 589 1756 ut
619 1718 771 1768 equites
803 1718 962 1768 Scaptio
991 1720 1041 1757 ad
1072 1719 1280 1769 pecuniam
1312 1718 1532 1769 cogendam

202 1785 337 1822 darem
376 1797 439 1821 me
478 1785 642 1834 rogare?
710 1786 774 1821 An
813 1792 854 1822 tu
894 1784 925 1822 si
965 1798 1121 1822 mecum
1156 1798 1260 1823 esses
1294 1785 1362 1834 qui
1396 1783 1531 1822 scribis

145 1862 182 1894 25
203 1848 373 1887 morderi
403 1857 440 1887 te
470 1849 667 1888 interdum
698 1850 806 1899 quod
837 1863 917 1887 non
949 1849 1064 1887 simul
1097 1849 1161 1897 sis,
1191 1858 1364 1899 paterere
1394 1863 1457 1887 me
1491 1849 1530 1887 id

203 1915 329 1952 facere
359 1913 390 1951 si
419 1915 590 1951 vellem?
660 1915 775 1951 ‘Non
809 1913 999 1963 amplius’
1034 1914 1164 1964 inquis
1198 1914 1530 1964 ‘quinquaginta'

203 1979 307 2017 Cum
329 1980 516 2028 Spartaco
547 1978 676 2016 minus
706 1979 817 2016 multi
848 1979 974 2028 primo
1004 1980 1170 2018 fuerunt.
1231 1979 1339 2028 Quid
1369 1980 1529 2018 tandem

203 2043 265 2081 isti
287 2044 377 2082 mali
398 2044 437 2081 in
459 2051 538 2082 tam
560 2052 693 2082 tenera
713 2044 839 2082 insula
859 2058 940 2082 non
964 2044 1177 2082 fecissent?
1234 2046 1327 2082 Non
1348 2044 1530 2083 fecissent

203 2110 366 2146 autem?
408 2108 530 2146 immo
561 2108 656 2158 quid
685 2116 776 2146 ante
803 2110 1017 2147 adventurn
1052 2123 1184 2147 meum
1216 2123 1297 2147 non
1327 2111 1530 2147 fecerunt?

146 2185 188 2216 30
207 2174 410 2211 Inclusum
431 2173 470 2210 in
487 2173 592 2211 curia
608 2181 786 2211 senatum
803 2174 1024 2212 habuerunt
1041 2173 1297 2212 Salaminium
1314 2173 1366 2212 ita
1387 2175 1530 2212 multos

205 2237 289 2276 dies
321 2245 363 2275 ut
392 2237 606 2276 interierint
637 2251 717 2276 non
747 2238 843 2276 nulli
873 2240 985 2276 fame.
1047 2240 1140 2276 Erat
1174 2239 1279 2277 enim
1314 2240 1531 2289 praefectus

247 2354 267 2382 3
292 2343 412 2373 litteris
429 2343 464 2381 F,
485 2343 521 2382 cf.
544 2354 572 2374 v.
595 2354 645 2374 21.
671 2354 728 2381 14:
755 2355 820 2375 om.
841 2344 929 2374 codd.
950 2344 1040 2374 celeri
1178 2354 1196 2382 5
1222 2345 1291 2374 scio
1308 2348 1378 2375 vett.
1399 2356 1405 2374 :
1429 2345 1530 2375 sciam

205 2385 246 2416 ΛΜ
330 2397 351 2425 9
375 2387 448 2416 Tun
479 2387 533 2425 qui
551 2387 671 2418 Lamb.
689 2398 695 2417 :
719 2387 769 2417 Tu
787 2388 862 2426 quis
880 2388 935 2426 qui
960 2387 1078 2427 Tyrrcll
1094 2399 1100 2417 :
1124 2387 1187 2417 Vbi
1205 2392 1239 2417 tu
1256 2388 1311 2426 qui
1329 2387 1407 2420 coni.
1425 2388 1509 2417 Boot
1525 2399 1531 2418 :

195 2430 276 2468 sorl.
298 2429 417 2468 Tuque
552 2432 590 2460 16
614 2441 655 2460 ex
677 2430 752 2461 add.
776 2430 894 2461 Lamb.
1032 2441 1071 2469 19
1096 2431 1200 2460 tibine
1222 2430 1409 2471 lVesenbm'g
1424 2431 1528 2467 (‘Em.

204 2474 288 2503 All.v
310 2475 383 2505 108)
530 2483 570 2511 23
594 2477 668 2503 ante
684 2474 791 2512 inquit
808 2474 883 2505 add.
904 2479 940 2504 ut
962 2473 1149 2514 ll'esenheaeg
1272 2476 1314 2505 28
1338 2475 1431 2505 tenui
1449 2474 1536 2505 Reid

205 2518 270 2548 coll.
296 2516 380 2547 Verr.
402 2517 446 2547 iii.
467 2518 508 2554 85
600 2518 675 2547 Non
694 2518 853 2547 fecissent
871 2528 936 2548 om.
958 2516 1018 2546 M1
