1773 2651
126 175 192 210 IV.
218 173 293 209 xvi
644 173 698 209 M.
731 172 898 208 TVLLI
931 170 1239 209 CICERONIS

273 290 311 322 te
333 284 527 322 Buthroto
547 284 673 321 datae.
733 281 838 320 Scire
866 281 971 319 enim
993 281 1176 319 volebam
1204 287 1242 318 te
1269 279 1481 318 commode
1501 277 1604 316 navi-

272 361 393 398 gasse.
453 349 531 387 Sed
561 349 658 385 haec
686 346 939 396 epistularum
968 344 1186 395 frequentia
1212 358 1293 383 non
1321 351 1400 381 tam
1427 343 1604 381 ubertate

273 427 343 451 sua
374 427 492 463 quam
526 411 731 450 crebritate
764 410 983 449 delectavit.
1046 411 1120 447 Illa
1150 409 1222 447 fuit
1254 408 1379 458 gravis
1417 415 1455 446 et
1488 409 1606 457 plena

273 491 400 516 rerum
433 491 550 527 quam
583 475 678 513 mihi
710 477 765 512 M.
794 474 968 521 Paccius,
997 475 1140 524 hospes
1170 481 1271 520 tuus,
1298 471 1480 511 reddidit.
1539 472 1604 509 Ad

273 556 360 581 eam
399 541 609 580 rescribam
648 539 762 590 igitur
800 547 838 577 et
883 540 959 577 hoc
998 538 1161 588 quidem
1206 537 1387 588 primum.
1462 536 1642 580 Paccio5

274 607 423 645 ratione
440 614 477 645 et
491 605 618 644 verbis
632 613 669 643 et
686 618 725 643 re
742 603 897 643 ostendi
914 603 1010 653 quid
1027 611 1093 641 tua
1109 602 1404 641 commendatio
1420 600 1606 652 ponderis

275 672 446 709 haberet.
509 672 648 719 Itaque
669 669 708 706 in
736 668 883 706 intimis
911 675 969 706 est
997 667 1104 714 meis,
1128 680 1218 705 cum
1245 674 1362 705 antea
1381 674 1499 704 notus
1526 679 1606 704 non

274 735 418 773 fuisset.

231 805 256 832 2
330 802 447 839 Nunc
475 813 633 851 pergam
660 800 710 838 ad
742 807 880 837 cetera.
941 800 1076 845 Varro,
1099 799 1149 836 de
1180 812 1259 848 quo
1289 799 1339 836 ad
1365 811 1427 835 me
1457 797 1604 844 scribis,

274 866 496 904 includetur
517 865 556 903 in
577 865 749 915 aliquem
771 866 915 911 locum,
935 863 966 901 Si
987 865 1109 902 modo
1130 864 1201 902 erit
1221 866 1342 902 locus.
1404 865 1482 902 Sed
1504 863 1606 902 nosti
1630 879 1668 900 10

272 944 396 981 genus
431 931 677 980 dialogorum
714 943 902 968 meorum.
962 931 1016 966 Vt
1054 929 1094 966 in
1129 928 1315 975 oratoriis,
1353 942 1452 978 quos
1487 936 1527 966 tu
1567 929 1607 966 in

273 998 425 1034 caelum
458 997 546 1041 fers,
569 1009 649 1032 non
680 994 807 1044 potuit
839 993 989 1032 mentio
1019 993 1101 1031 fieri
1127 993 1361 1042 cuiusquam
1387 994 1438 1031 ab
1467 993 1512 1031 iis
1540 993 1608 1043 qui

273 1061 485 1111 disputant,
510 1059 584 1097 nisi
606 1059 688 1097 eius
711 1058 778 1109 qui
800 1058 873 1096 illis
895 1066 1012 1096 notus
1032 1066 1099 1096 aut
1119 1057 1276 1096 auditus
1298 1065 1409 1104 esset,
1429 1058 1484 1096 ita
1505 1059 1607 1096 hanc

273 1140 346 1176 ego
373 1127 423 1165 de
453 1140 491 1164 re
519 1125 679 1175 publica
703 1138 822 1174 quam
850 1123 999 1162 institui
1029 1123 1338 1173 disputationem
1365 1123 1405 1161 in
1432 1123 1606 1161 Africani

273 1205 481 1242 personam
521 1198 559 1229 et
599 1190 701 1228 Phili
739 1198 778 1228 et
818 1189 925 1228 Laeli
960 1194 997 1227 et
1033 1188 1173 1227 Manili
1212 1188 1371 1227 contuli.
1432 1188 1607 1227 Adiunxi
1629 1204 1665 1235 15

272 1256 536 1296 adulescentis
560 1258 607 1305 Q.
627 1257 893 1301 Tuberonem,
916 1257 957 1293 P.
975 1255 1181 1301 Rutilium,
1198 1256 1279 1293 duo
1301 1254 1409 1293 Laeli
1428 1268 1605 1305 generos,

274 1324 503 1362 Scaevolam
543 1329 581 1359 et
621 1321 828 1358 Fannium.
890 1322 1030 1370 Itaque
1068 1320 1301 1370 cogitabam,
1339 1319 1528 1370 quoniam
1567 1320 1607 1358 in

274 1386 435 1437 singulis
470 1385 577 1423 libris
617 1393 705 1423 utor
742 1384 983 1435 prohoemiis
1015 1392 1057 1423 ut
1092 1384 1322 1423 Aristoteles
1356 1384 1396 1422 in
1430 1384 1476 1422 iis
1508 1398 1608 1434 quos

275 1452 505 1501 ἐξωτερικοὺς
534 1458 658 1496 vocat,
691 1449 840 1499 aliquid
871 1450 1023 1488 efficere
1052 1457 1095 1487 ut
1125 1463 1205 1488 non
1233 1449 1318 1488 sine
1344 1463 1462 1488 causa
1489 1449 1606 1488 istum

273 1519 538 1569 appellarem,
568 1516 608 1554 id
636 1517 745 1566 quod
770 1516 954 1565 intellego
979 1514 1051 1553 tibi
1077 1516 1242 1565 placere.
1301 1515 1463 1553 Vtinam
1485 1517 1607 1554 modo
1629 1530 1668 1553 20

274 1590 417 1622 conata
450 1582 603 1620 efficere
634 1580 807 1630 possim!
871 1582 974 1619 Rem
1009 1580 1126 1628 enim,
1160 1581 1270 1630 quod
1309 1588 1347 1619 te
1385 1594 1466 1618 non
1497 1581 1604 1631 fugit,

277 1661 459 1698 magnam
487 1648 716 1696 complexus
741 1660 828 1684 sum
855 1654 894 1685 et
920 1660 1077 1697 gravem
1097 1654 1136 1685 et
1163 1645 1320 1696 plurimi
1339 1645 1404 1692 oti,
1428 1659 1509 1696 quo
1535 1660 1608 1696 ego

235 1726 259 1763 3
278 1712 446 1750 maxime
480 1725 588 1761 egeo.
649 1712 771 1760 Quod
802 1711 841 1749 in
877 1711 922 1749 iis
954 1711 1061 1749 libris
1093 1725 1192 1761 quos
1224 1712 1360 1749 laudas
1398 1724 1608 1761 personam

275 1776 475 1816 desideras
496 1777 720 1823 Scaevolae,
743 1789 824 1815 non
850 1790 937 1814 eam
966 1784 1111 1814 temere
1139 1775 1288 1814 dimovi
1312 1776 1382 1814 sed
1403 1775 1476 1814 feci
1501 1776 1606 1814 idem

272 1844 376 1892 quod
400 1842 440 1880 in
466 1843 635 1893 πολιτείᾳ
661 1843 759 1880 deus
786 1842 851 1880 ille
880 1849 1013 1881 noster
1042 1844 1165 1880 Plato.
1225 1842 1329 1880 Cum
1356 1841 1395 1879 in
1427 1841 1606 1879 Piraeum
1628 1854 1666 1887 ²5

274 1909 453 1947 Socrates
492 1907 662 1946 venisset
700 1908 751 1945 ad
792 1908 1025 1957 Cephalum,
1068 1908 1306 1957 locupletem
1348 1913 1386 1944 et
1425 1906 1607 1944 festivum

274 1987 420 2019 senem,
453 1974 586 2023 quoad
618 1972 767 2022 primus
797 1972 862 2010 ille
892 1985 1021 2010 sermo
1053 1973 1229 2018 habetur,
1262 1972 1373 2010 adest
1409 1971 1448 2009 in
1478 1971 1609 2022 dispu-

274 2040 397 2077 tando
422 2052 549 2084 senex,
574 2037 719 2076 deinde
744 2051 835 2076 cum
860 2037 943 2087 ipse
971 2051 1131 2087 quoque
1158 2036 1480 2076 commodissime
1504 2038 1608 2075 locu-

275 2110 337 2141 tus
367 2110 480 2149 esset,
511 2104 562 2141 ad
598 2116 678 2140 rem
710 2102 885 2140 divinam
915 2101 1011 2140 dicit
1041 2115 1082 2140 se
1112 2103 1210 2140 velle
1242 2102 1444 2140 discedere
1478 2115 1608 2151 neque

322 2218 335 2237 1
365 2207 529 2237 Buthroto
547 2205 640 2236 Mau.
662 2217 667 2235 :
694 2206 793 2237 bruto
810 2203 853 2235 M
999 2215 1019 2243 3
1046 2206 1223 2236 crebritate
1241 2205 1358 2235 Lamb.
1377 2216 1383 2234 :
1409 2205 1606 2235 celebritate

278 2250 361 2281 CM1
379 2263 385 2281 :
410 2250 582 2280 celeritate
601 2249 653 2278 M*
798 2251 819 2279 6
844 2249 973 2279 ratione
993 2260 1056 2279 om.
1077 2249 1110 2279 E
1124 2250 1210 2290 vulg.
1227 2262 1233 2280 z
1258 2253 1291 2278 et
1311 2249 1465 2278 oratione
1489 2248 1610 2287 Tyrrell

276 2300 309 2325 et
326 2294 436 2324 verbis
453 2304 520 2323 0111.
545 2293 666 2332 Tyrrell
820 2302 858 2321 12
884 2293 991 2331 potuit
1016 2293 1141 2322 mentio
1169 2296 1192 2324 Σ
1215 2295 1355 2332 (praeter
1376 2291 1430 2326 H)
1449 2303 1455 2322 :
1480 2292 1607 2322 mentio

276 2338 384 2376 potuit
402 2343 429 2367 Δ
577 2346 615 2375 13
639 2337 684 2366 ita
701 2335 776 2365 add.
801 2335 991 2375 Wesenberg
1133 2346 1171 2375 15
1197 2341 1229 2366 et
1246 2335 1322 2365 add.
1341 2335 1427 2375 vulg.
1567 2335 1606 2365 18

274 2381 482 2419 prohoemiis
499 2379 588 2410 codd.
607 2380 658 2418 cf,
679 2379 837 2409 Bic‘clzelcr
850 2383 900 2418 ap.
921 2378 1141 2417 Fm'edla‘nder,
1160 2379 1232 2408 Iuv.
1254 2378 1296 2408 iii.
1312 2379 1375 2407 288
1391 2389 1397 2408 ε
1423 2377 1604 2417 prooemiis

272 2424 361 2464 vulg.
454 2433 495 2461 24
520 2422 579 2453 sed
598 2422 661 2453 feci
681 2423 779 2461 idem,
799 2421 889 2461 quod
906 2420 1026 2451 Klotz:
1050 2421 1111 2451 sed
1129 2421 1207 2452 secit
1230 2421 1318 2452 idem
1335 2419 1391 2450 M2
1409 2431 1416 2451 ι
1440 2422 1529 2452 idem
1547 2418 1603 2451 M¹
