1773 2651
584 166 696 202 EPP.
729 166 807 202 AD
837 165 1098 204 ATTICVM
1483 169 1527 204 V.
1546 167 1592 204 iv

165 276 379 327 Pomptino
401 284 505 315 recte
526 276 675 315 scribis.
727 278 797 314 Est
818 276 923 314 enim
945 276 998 314 ita
1019 284 1070 323 ut,
1091 277 1121 315 si
1142 285 1233 317 ante
1253 280 1339 317 Kal.
1362 280 1494 318 Iunias

163 342 348 380 Brundisi
378 344 530 380 futurus
559 342 619 389 sit,
642 341 772 379 minus
803 342 967 392 urgendi
997 342 1140 381 fuerint
1170 345 1225 381 M.
1248 344 1428 383 Anneius
1455 353 1493 383 et

161 409 207 446 L.
224 407 387 445 Tullius.
431 408 544 456 Quae
561 408 611 445 de
629 406 776 445 Sicinio
792 406 935 445 audisti
953 421 999 445 ea
1015 407 1111 445 mihi
1128 409 1352 458 probantur,
1371 411 1492 448 modo
1510 417 1535 453 3

161 486 211 510 ne
232 472 297 510 illa
317 472 497 522 exceptio
518 472 557 509 in
577 471 750 521 aliquem
772 471 942 510 incurrat
963 473 1065 511 bene
1087 474 1136 511 de
1158 473 1274 512 nobis
1297 474 1490 513 meritum.

122 552 139 582 5
161 539 239 576 Sed
271 536 622 583 considerabimus,
649 550 730 574 rem
758 536 864 575 enim
896 537 1033 587 probo.
1097 539 1158 576 De
1188 546 1323 578 nostro
1358 539 1494 579 itinere

160 603 269 652 quod
291 610 472 649 statuero,
497 603 548 640 de
575 601 751 651 quinque
779 602 985 651 praefectis
1016 602 1111 652 quid
1135 603 1348 653 Pompeius
1376 606 1494 643 factu-

160 681 224 705 rus
254 667 302 705 sit
332 680 423 705 cum
454 681 501 705 ex
531 667 617 717 ipso
647 680 821 716 cognoro
851 667 992 705 faciam
1024 675 1065 705 ut
1095 667 1206 706 scias.
1268 670 1329 707 De
1360 670 1492 720 Oppio

161 732 262 770 bene
296 731 439 770 curasti
468 733 577 782 quod
613 731 647 770 ei
677 733 727 770 de
762 743 868 770 Dccc
897 732 1112 781 exposuisti
1142 732 1274 783 idque,
1304 734 1491 783 quoniam

161 796 419 835 Philotimum
440 797 573 842 habes,
597 798 741 846 perfice
762 805 799 834 et
821 810 1017 847 cognosce
1038 796 1229 836 rationem
1252 806 1290 836 et
1317 807 1359 836 ut
1378 813 1491 848 agam

101 878 141 901 10
160 861 324 912 planius,
349 861 381 899 si
402 875 465 900 me
485 875 604 907 amas,
624 861 730 912 prius
752 875 870 911 quam
893 861 1150 912 proficiscaris
1172 863 1292 901 effice.
1346 865 1493 914 Magna

159 940 223 964 me
243 940 336 964 cura
356 926 505 965 levaris.

213 992 352 1030 Habes
390 993 442 1030 ad
481 991 624 1030 omnia.
687 990 771 1029 Etsi
816 1005 942 1041 paene
988 992 1167 1041 praeterii
1206 994 1381 1032 chartam
1421 995 1535 1040 tibi4

157 1058 306 1095 deesse.
366 1058 459 1095 Mea
479 1056 610 1106 captio
630 1064 699 1103 est,
723 1055 753 1094 si
775 1056 937 1106 quidem
959 1056 1042 1095 eius
1064 1057 1197 1108 inopia
1217 1058 1347 1097 minus
1369 1061 1492 1098 multa

158 1123 209 1160 ad
240 1135 303 1160 me
331 1122 477 1160 scribis.
538 1124 600 1160 Tu
620 1135 713 1160 vero
739 1123 848 1160 aufer
874 1123 1094 1171 ducentos3
1124 1123 1195 1161 etsi
1221 1137 1349 1162 meam
1378 1125 1417 1162 in
1444 1139 1492 1164 eo

100 1205 137 1235 15
159 1187 438 1238 parsimoniam
478 1187 594 1225 huius
636 1187 802 1238 paginae
844 1188 1062 1226 contractio
1105 1188 1308 1239 significat.
1384 1193 1491 1229 Dum

158 1260 246 1291 acta
275 1260 313 1290 et
343 1267 518 1291 rumores
548 1254 608 1291 vel
641 1253 758 1291 etiarn
789 1252 820 1291 si
850 1266 928 1303 qua
955 1262 1060 1292 certa
1090 1254 1213 1293 habes
1243 1256 1293 1293 de
1325 1257 1492 1295 Caesare

157 1325 352 1368 exspecto.
417 1318 584 1356 Litteras
609 1325 647 1356 et
673 1317 758 1356 aliis
785 1326 823 1357 et
849 1318 1064 1368 Pomptino
1087 1320 1137 1358 de
1165 1320 1350 1360 omnibus
1375 1322 1492 1361 rebus

156 1382 362 1433 diligenter
382 1382 506 1421 dabis.

200 1501 242 1536 V
386 1505 454 1537 Ser.
481 1506 638 1537 Venusiae
654 1506 691 1536 iii
703 1511 762 1537 aul
773 1506 859 1548 prid.
877 1507 926 1538 Id.
945 1507 1025 1538 Mai.
1044 1518 1074 1539 a.
1096 1518 1150 1549 705
1170 1508 1252 1550 (51).

100 1589 140 1610 20
576 1584 752 1615 CICERO
777 1584 949 1616 ATTICO
976 1584 1076 1617 SAL.

212 1663 333 1700 Plane
371 1662 483 1700 deest
521 1663 630 1712 quod
670 1662 863 1710 scribam3
910 1676 1003 1701 narn
1042 1676 1116 1702 nec
1155 1665 1264 1713 quod
1304 1665 1527 1704 mandemI

155 1728 285 1766 habeo
318 1727 432 1777 (nihil
467 1727 573 1766 enim
608 1728 926 1777 praetermissum
962 1728 1049 1778 est),
1084 1743 1157 1767 nec
1192 1731 1301 1779 quod
1337 1744 1490 1769 narrem

156 1793 265 1842 (novi
304 1792 409 1830 enim
442 1792 568 1841 nihil),
602 1806 676 1830 nec
709 1793 866 1831 iocandi
905 1795 1015 1832 locus
1055 1802 1137 1841 est3
1181 1794 1234 1832 ita
1272 1808 1336 1833 me
1369 1797 1491 1833 multa

155 1858 376 1896 sollicitant.
438 1859 611 1896 Tantum
635 1865 766 1896 tamen
789 1858 898 1905 scito,
920 1859 1059 1897 Idibus
1083 1858 1200 1897 Maiis
1221 1873 1294 1897 nos
1315 1860 1490 1898 Venusia

199 1973 218 2000 3
245 1962 269 1991 L
296 1961 369 1991 add.
398 1962 510 1991 Baiter
631 1962 712 1999 sort.
751 1962 918 1993 Mescinio
1063 1964 1084 1992 6
1112 1963 1202 2002 quod
1235 1962 1323 1994 codd.
1339 1975 1344 1993 :
1388 1974 1488 2002 quom

158 2005 260 2035 Orelli
368 2006 387 2034 8
411 2007 454 2035 de
471 2005 529 2035 dcl.
556 2004 745 2046 llscsenbmg
849 2017 879 2044 9,
904 2017 942 2036 10
966 2011 1003 2036 ut
1020 2016 1115 2045 agam
1135 2007 1270 2046 planius
1289 2006 1487 2037 Lehmann:

156 2054 191 2078 ut
209 2059 250 2079 ne
267 2059 374 2087 angar
396 2049 539 2087 amplius
557 2049 749 2088 Malaspina
765 2060 771 2079 ι
796 2050 818 2085 †
830 2054 866 2079 ut
883 2060 980 2089 agam
999 2051 1144 2089 amplius
1160 2061 1236 2080 cum
1254 2061 1339 2080 cruce
1356 2051 1485 2089 Minis»,

154 2093 222 2121 sine
238 2103 323 2121 cruce
344 2091 465 2131 Tyrrcll
597 2102 634 2131 14
659 2093 825 2123 ducentos
846 2093 894 2129 M,
911 2094 949 2132 cf.
967 2092 1118 2123 Nonium
1146 2095 1217 2132 196.
1240 2104 1297 2132 17:
1324 2094 1488 2124 ducentas

160 2134 347 2175 llrzsenbmg
439 2146 486 2174 15,
511 2138 549 2165 16
574 2135 756 2174 significat.
804 2137 892 2167 Dum
909 2141 985 2166 acta
1003 2136 1051 2176 et]
1070 2137 1251 2175 significat.
1302 2137 1488 2167 Dumtaxat

156 2178 313 2217 Alludvz'g:
329 2178 410 2217 fort.
425 2179 605 2217 significat.
645 2179 710 2209 Diu
727 2184 804 2210 acta
820 2186 854 2210 et
960 2181 998 2209 16
1014 2180 1065 2210 vel
1084 2181 1185 2210 etiarn
1197 2180 1348 2210 Stz'mter:
1371 2180 1484 2212 vellet.

158 2222 226 2251 lam
239 2221 280 2251 M
366 2232 402 2260 17
427 2223 502 2252 aliis
520 2226 553 2251 et
573 2222 675 2252 Boot:
703 2222 786 2252 alias
803 2222 891 2253 codd.
948 2223 1068 2253 Totum
1086 2224 1192 2253 locum
1213 2224 1351 2262 (14-175
1370 2224 1414 2254 ita
1429 2223 1489 2254 dat

164 2265 351 2304 lmscnberg
375 2264 648 2294 ducentas—etsi
666 2288 672 2294 .
695 2288 701 2294 .
721 2288 727 2294 .
746 2264 1041 2303 significat-dum
1064 2269 1138 2295 acta
1163 2270 1197 2294 et
1218 2275 1370 2296 rumores
1390 2265 1487 2308 (per-

155 2307 326 2349 scribere)
344 2308 447 2338 velis:
473 2313 506 2337 et
524 2308 600 2339 iam.
618 2307 645 2337 si
663 2317 750 2345 quae
768 2332 775 2338 .
798 2332 804 2338 .
823 2332 830 2338 .
851 2312 1013 2346 exspecto
1034 2307 1175 2345 litteras,
1193 2313 1227 2338 et
1243 2309 1327 2339 alias
1449 2311 1488 2340 18

156 2351 339 2389 diligenter
365 2351 515 2381 Ernesti:
549 2350 730 2388 diligentes
757 2350 844 2382 codd.
979 2360 1017 2379 21
1056 2351 1152 2380 deest
1179 2350 1278 2382 V2·ct.:
1307 2353 1341 2382 id
1364 2357 1415 2383 est
1435 2353 1487 2383 M¹

156 2404 207 2428 21.
227 2405 267 2424 22
284 2395 424 2424 alterum
442 2394 532 2432 quod
552 2416 559 2424 .
578 2416 586 2424 .
603 2417 610 2424 .
631 2394 720 2433 quod
737 2393 886 2425 Ernesti:
913 2394 993 2433 quid
1010 2418 1018 2425 .
1038 2417 1045 2424 .
1069 2420 1075 2425 .
1093 2394 1174 2433 quid
1188 2394 1228 2424 M
1336 2406 1377 2434 23
1402 2397 1487 2427 nihil

155 2437 249 2467 ,Mam
267 2449 272 2467 :
300 2438 379 2467 mihi
398 2436 438 2466 Μ

200 2501 262 2522 C1c.
282 2501 330 2522 AD
346 2501 420 2523 ΛΠ.
1361 2494 1403 2523 10
