1773 2651
125 868 163 890 10

129 1633 165 1653 20

130 2280 169 2311 30

591 165 702 201 EPP.
735 165 812 200 AD
843 164 1102 201 ATTICVM
1418 165 1511 202 VII.
1531 164 1608 201 xvi

180 275 405 313 habiturum
445 288 636 325 spemque
673 276 808 320 adfert,
851 274 881 312 si
925 274 963 312 in
1010 274 1201 312 Picenum
1247 288 1381 324 agrum
1428 275 1511 324 ipse

179 341 338 386 venerit,
380 354 451 378 nos
493 342 663 378 Romam
704 340 895 377 redituros
941 353 1035 377 esse.
1116 339 1335 377 Labienum
1376 353 1510 378 secum

180 406 299 443 habet
327 419 405 443 non
434 405 682 443 dubitantem
711 406 760 442 de
785 404 1052 442 imbecillitate
1079 404 1257 443 Caesaris
1285 404 1514 454 copiarum;

181 470 290 508 cuius
312 472 483 508 adventu
507 471 667 508 Gnaeus
689 477 820 507 noster
842 470 965 507 multo
986 469 1106 506 animi
1128 470 1214 518 plus
1236 469 1365 506 habet.
1429 470 1513 506 Nos

180 549 202 572 a
223 535 452 573 consulibus
475 536 654 584 Capuam
676 534 807 572 venire
830 534 921 571 iussi
942 547 1077 571 sumus
1098 535 1148 572 ad
1171 535 1307 571 Nonas
1331 535 1444 572 Febr.

237 601 373 649 Capua
394 600 591 649 profectus
612 613 698 637 sum
723 598 897 636 Formias
918 613 951 636 a.
974 600 1011 637 d.
1036 611 1081 636 111
1106 600 1194 636 Kal.
1255 600 1315 636 Eo
1336 598 1399 637 die
1420 613 1510 636 cum

182 663 343 702 Calibus
366 672 451 701 tuas
481 663 626 701 litteras
648 665 743 701 hora
770 665 848 701 fere
879 677 983 701 nona
1010 663 1262 712 accepissem,
1286 665 1355 701 has
1381 663 1510 701 statim

181 729 284 767 dedi.
356 731 416 767 De
455 728 641 766 Terentia
679 736 716 766 et
756 728 885 765 Tullia
924 728 993 765 tibi
1032 727 1242 766 adsentior.
1312 729 1376 765 Ad
1416 742 1513 777 quas
1537 731 1559 768 3

182 793 410 843 scripseram
440 795 490 831 ad
518 802 555 831 te
583 802 624 831 ut
652 795 847 831 referrent.
907 792 945 830 Si
974 794 1152 830 nondum
1183 794 1380 842 profectae
1410 801 1513 835 sunt,

183 858 277 895 nihil
313 867 369 896 est
405 860 513 908 quod
546 872 586 896 se
621 866 815 903 moveant,
851 858 982 907 quoad
1013 857 1294 907 perspiciamus
1327 871 1406 907 quo
1438 858 1513 895 loci

183 931 229 960 sit
261 936 330 960 res.

227 1051 363 1086 XVII
453 1055 521 1087 Ser.
541 1056 575 1086 in
593 1055 772 1086 Formiano
788 1055 820 1085 iv
836 1054 922 1085 Non.
942 1054 1030 1084 Febr.
1049 1065 1078 1084 a.
1101 1064 1154 1093 705
1172 1054 1259 1094 (49).

606 1142 776 1174 CICERO
799 1142 980 1172 ATTICO
1002 1141 1110 1172 SAL.

238 1233 348 1269 Tuae
376 1232 524 1269 litterae
552 1231 647 1268 mihi
678 1240 807 1281 gratae
834 1230 1111 1279 iucundaeque
1137 1237 1236 1267 sunt.
1299 1231 1360 1268 De
1388 1230 1515 1279 pueris
1539 1240 1555 1267 1

147 1309 162 1339 5
185 1297 223 1333 in
264 1296 470 1334 Graeciam
503 1295 813 1346 transportandis
849 1303 931 1332 tum
967 1295 1189 1344 cogitabam
1224 1308 1315 1332 cum
1350 1296 1440 1344 fuga
1471 1308 1517 1332 ex

187 1362 298 1399 Italia
326 1362 459 1411 quaeri
480 1362 697 1400 videbatur.
758 1362 842 1398 Nos
870 1359 975 1397 enirn
1006 1359 1241 1409 Hispaniam
1269 1367 1490 1408 peteremus
1506 1374 1516 1406 ;

186 1426 258 1463 illis
286 1427 362 1464 hoc
386 1440 511 1476 aeque
539 1427 796 1464 commodum
825 1438 905 1461 non
930 1431 1020 1462 erat.
1080 1425 1142 1461 Tu
1173 1423 1255 1473 ipse
1279 1436 1369 1461 cum
1398 1424 1515 1461 Sexto

185 1490 302 1528 etiam
338 1504 443 1529 nunc
474 1491 569 1528 mihi
599 1490 740 1528 videris
772 1491 926 1527 Romae
955 1496 1059 1526 recte
1083 1501 1168 1525 esse
1195 1501 1335 1537 posse;
1370 1487 1515 1526 etenim

187 1555 348 1594 minime
377 1556 493 1594 amici
526 1555 716 1606 Pompeio
747 1562 881 1592 nostro
911 1567 995 1591 esse
1023 1553 1187 1591 debetis.
1248 1554 1379 1590 Nemo
1409 1552 1515 1590 enim

187 1634 375 1670 umquam
397 1629 549 1659 tantum
571 1622 620 1659 de
642 1619 801 1658 urbanis
823 1618 991 1669 praediis
1020 1617 1195 1656 detraxit.
1255 1617 1431 1655 Videsne
1454 1630 1516 1654 me

186 1686 303 1724 etiam
325 1687 472 1725 iocari?

241 1751 346 1790 Scire
376 1752 452 1790 iam
483 1760 521 1790 te
551 1760 704 1802 oportet
736 1753 777 1789 L.
812 1752 956 1790 Caesar
986 1762 1086 1799 quae
1116 1761 1303 1798 responsa
1333 1749 1469 1786 referat
1494 1761 1515 1785 a
1537 1753 1561 1780 2

188 1817 389 1866 Pompeio,
406 1831 502 1867 quas
518 1818 568 1855 ab
585 1818 727 1856 eodem
744 1817 794 1854 ad
809 1817 1018 1855 Caesarem
1033 1816 1127 1852 ferat
1145 1814 1299 1851 litteras.
1342 1813 1516 1863 Scriptae

188 1881 291 1918 enim
315 1890 352 1920 et
373 1883 487 1920 datae
508 1882 560 1920 ita
581 1890 671 1919 sunt
692 1889 733 1919 ut
755 1887 1066 1930 proponerentur
1086 1879 1125 1916 in
1148 1878 1318 1928 publico.
1366 1879 1413 1915 In
1435 1891 1516 1928 quo

152 1947 367 1988 :accusavi
403 1960 558 1984 mecum
593 1946 676 1996 ipse
712 1944 945 1994 Pompeium
979 1944 1057 1993 qui,
1091 1957 1181 1981 cum
1213 1942 1377 1992 scriptor
1410 1944 1516 1980 lucu-

188 2012 315 2048 lentus
345 2020 457 2057 esset,
481 2020 607 2049 tantas
639 2025 696 2049 res
724 2019 842 2059 atque
872 2023 936 2047 eas
967 2022 1067 2058 quae
1097 2008 1136 2045 in
1167 2007 1345 2045 omnium
1376 2020 1515 2045 manus

187 2083 372 2113 venturae
402 2084 531 2114 essent
563 2075 688 2114 Sestio
724 2082 857 2112 nostro
892 2074 1119 2111 scribendas
1151 2071 1315 2110 dederit.
1376 2073 1516 2121 Itaque

188 2139 284 2177 nihil
305 2154 493 2190 umquam
515 2140 588 2189 legi
611 2140 796 2189 scriptum
818 2138 1150 2187 σηστιωδέστερον.
1191 2136 1362 2185 Perspici
1384 2144 1515 2174 tamen

188 2217 233 2241 ex
264 2204 398 2242 litteris
429 2204 593 2253 Pompei
621 2212 749 2253 potest
777 2203 873 2240 nihil
899 2202 1056 2241 Caesari
1084 2201 1214 2251 negari
1242 2200 1454 2250 omniaque
1482 2201 1516 2239 ei

189 2270 386 2306 cumulate
408 2282 508 2318 quae
529 2269 700 2318 postulet
721 2268 813 2306 dari.
872 2269 985 2316 Quae
1006 2267 1070 2304 ille
1090 2265 1381 2304 amentissimus
1403 2265 1517 2303 fuerit

231 2384 251 2412 6
276 2383 394 2413 eodem
413 2383 462 2413 vel
477 2383 596 2412 eodem
616 2383 669 2412 die
697 2382 724 2411 C
890 2391 927 2419 14
951 2380 1041 2410 Hinc
1057 2391 1178 2410 novam
1197 2380 1370 2420 epistulam
1388 2381 1519 2419 incipere

186 2427 346 2467 perspexit
357 2426 491 2465 primns
508 2425 631 2456 Rosius
751 2435 793 2454 20
818 2424 965 2464 praediis
982 2434 1010 2454 v.
1030 2434 1050 2453 c.
1070 2422 1098 2452 L
1118 2434 1224 2463 marg.
1241 2435 1247 2453 :
1276 2424 1454 2462 praesidiis
1471 2425 1518 2464 M,

192 2470 227 2509 cf
246 2480 292 2508 14.
313 2480 332 2508 3
444 2480 485 2508 29
509 2469 538 2499 ei
557 2468 666 2498 Koch:
692 2473 724 2498 et
740 2468 780 2497 M
