1773 2651
121 159 190 198 IV.
214 171 275 196 xv
643 160 697 196 M.
731 160 899 195 TVLLI
931 159 1239 197 CICERONIS

269 270 479 308 criminans
502 284 556 307 ms
578 270 719 308 mentis
742 269 918 308 iudicum
945 278 1224 308 commoverat.
1288 270 1476 307 Hortalus
1497 268 1536 307 in
1557 283 1605 308 ea

269 349 387 373 causa
414 335 484 373 fuit
512 335 623 373 cuius
655 335 762 372 modi
794 336 903 373 solet.
965 336 1050 372 Nos
1079 336 1242 373 verbum
1274 336 1451 381 nullum3
1484 333 1605 372 verita

270 408 328 439 est
367 400 472 438 enim
512 401 662 450 pusilla,
705 413 806 449 quae
846 413 951 437 nunc
991 400 1151 445 laborat,
1190 413 1240 437 ne
1271 399 1448 437 animum
1489 398 1604 437 Publi

229 467 523 515 5offenderem.
587 465 662 502 His
702 465 818 503 rebus
856 464 952 502 actis
987 464 1145 502 Reatini
1185 478 1247 502 me
1280 465 1331 502 ad
1366 477 1436 501 sua
1474 464 1605 513 Τέμπη

271 532 466 569 duxerunt
487 538 528 568 ut
548 544 703 580 agerem
731 543 890 567 causam
916 537 1053 568 contra
1080 529 1357 568 Interamnatis
1384 530 1491 579 apud
1515 543 1605 567 con·
1626 543 1642 575 5

271 598 395 633 sulem
426 603 464 634 et
493 597 633 633 decem
669 596 826 644 legatos,
860 596 969 644 quod
1000 596 1107 632 lacus
1137 594 1302 632 Velinus
1331 608 1354 632 a
1385 595 1454 631 M’.
1486 593 1606 633 Curio

271 661 436 699 emissus
472 660 655 698 interciso
691 667 826 698 monte
859 659 898 697 in
939 661 1020 697 Nar
1053 659 1215 707 defluit3
1256 673 1302 697 ex
1337 673 1416 708 quo
1451 666 1509 697 est
1543 658 1607 696 illa

273 727 417 765 siccata
448 734 485 765 et
517 726 653 765 umida
692 734 824 764 tamen
865 726 1021 764 modice
1056 726 1187 764 Rosia.
1247 725 1337 763 Vixi
1369 739 1459 764 cum
1492 724 1604 771 Axio,

273 792 339 842 qui
361 792 479 830 etiam
502 806 565 830 me
585 792 636 830 ad
658 793 818 841 Septem
839 805 962 841 aquas
983 791 1104 829 duxit.

226 857 253 893 6
332 857 447 896 Redii
474 859 646 896 Romam
675 856 816 894 Fontei
851 870 969 894 causa
1000 870 1032 894 a.
1057 857 1093 894 d.
1129 868 1185 893 vll
1219 857 1315 895 Idus
1344 855 1480 904 Quint.
1505 855 1607 894 Veni
1633 868 1670 890 10

274 925 315 961 in
347 925 616 974 spectaculum
647 922 818 972 primum
847 935 991 971 magno
1021 929 1059 960 et
1088 922 1286 972 aequabili
1321 923 1470 971 plausu.
1531 922 1609 959 Sed

275 990 350 1027 hoc
393 1003 443 1026 ne
489 987 658 1030 curaris;
719 1000 792 1036 ego
839 986 994 1036 ineptus
1035 986 1102 1036 qui
1141 986 1372 1036 scripserim.
1453 985 1609 1024 Deinde

274 1053 511 1104 Antiphonti
543 1065 714 1102 operam.
777 1054 815 1089 Is
843 1059 924 1090 erat
951 1059 1043 1089 ante
1071 1065 1191 1089 manu
1213 1051 1354 1089 missus
1379 1065 1496 1101 quam
1526 1064 1611 1101 pro-

274 1121 426 1158 ductus
488 1119 550 1156 Ne
577 1116 724 1156 diutius
752 1118 937 1166 pendeas
962 1117 1133 1166 palmam
1160 1115 1271 1163 tulit;
1305 1117 1375 1154 sed
1403 1115 1500 1153 nihil
1530 1123 1610 1153 tam

274 1184 471 1236 pusillum,
494 1183 591 1221 nihil
616 1190 696 1220 tam
724 1182 808 1220 sine
829 1196 936 1227 voce,
961 1181 1057 1219 nihil
1080 1189 1159 1219 tam
1177 1212 1183 1219 .
1204 1212 1210 1219 .
1230 1212 1237 1219 .
1268 1183 1417 1219 Verum
1444 1183 1542 1219 haec
1569 1188 1611 1218 tu
1635 1192 1670 1224 15

275 1257 406 1288 tecum
442 1249 598 1287 habeto.
672 1249 719 1285 In
753 1248 1036 1285 Andromacha
1069 1253 1201 1284 tamen
1234 1246 1357 1285 maior
1389 1246 1461 1284 fuit
1492 1259 1611 1296 quam

275 1318 485 1365 Astyanax,
509 1314 548 1351 in
570 1313 708 1352 ceteris
730 1326 861 1363 parem
887 1312 1024 1351 habuit
1046 1312 1258 1350 neminem.
1319 1311 1487 1361 Quaeris
1507 1325 1613 1349 nunc

275 1382 326 1419 de
360 1380 606 1426 Arbuscula3
655 1379 769 1416 valde
812 1377 969 1427 placuit.
1032 1376 1135 1415 Ludi
1180 1377 1377 1427 magnifici
1417 1384 1455 1415 et
1492 1375 1614 1426 grati;

276 1445 433 1484 venatio
455 1445 494 1482 in
514 1444 621 1482 aliud
644 1451 800 1493 tempus
821 1442 952 1481 dilata.

234 1517 258 1557 7
332 1513 503 1560 Sequere
531 1523 637 1547 nunc
666 1522 729 1547 me
757 1508 796 1546 in
818 1521 1014 1558 campum.
1075 1509 1200 1546 Ardet
1227 1508 1424 1555 ambitus;
1453 1511 1557 1557 σῆμα
1578 1508 1618 1546 δέ
1638 1522 1675 1543 20

277 1594 334 1615 τοι
383 1577 494 1626 ἐρέω;
547 1576 684 1613 faenus
730 1588 776 1611 ex
816 1573 955 1611 triente
1004 1573 1144 1611 Idibus
1184 1573 1428 1622 Quintilibus
1468 1575 1614 1612 factum

278 1650 358 1681 erat
398 1641 588 1680 bessibus,
650 1639 770 1677 Dices
814 1640 945 1676 ‘Istuc
982 1638 1145 1688 quidem
1186 1652 1266 1676 non
1306 1640 1471 1677 moleste
1510 1641 1615 1677 fero.’

281 1709 317 1747 O
339 1707 487 1745 virum!
523 1720 547 1744 o
577 1705 728 1743 civem!
765 1703 1004 1742 Memmium
1028 1704 1207 1743 Caesaris
1232 1717 1371 1742 omnes
1400 1718 1496 1754 opes
1525 1718 1616 1742 con-

281 1774 447 1811 firmant.
509 1772 612 1810 Cum
642 1784 690 1809 eo
723 1769 945 1808 Domitium
982 1771 1165 1807 consules
1193 1769 1410 1815 iunxerunt,
1444 1783 1521 1819 qua
1552 1783 1615 1819 pa-

282 1839 412 1877 ctione
440 1837 630 1887 epistulae
657 1834 904 1873 committere
929 1849 1009 1873 non
1036 1836 1175 1873 audeo.
1236 1833 1448 1884 Pompeius
1473 1834 1614 1881 fremit,
1636 1846 1674 1877 25

283 1903 466 1954 queritur,
489 1904 636 1941 Scauro
663 1902 806 1947 studet,
830 1902 899 1938 sed
925 1908 1054 1938 utrum
1080 1901 1206 1938 fronte
1230 1914 1279 1937 an
1308 1907 1439 1937 mente
1463 1899 1617 1937 dubita-

284 1978 354 2007 tur.
424 1968 562 2018 Ἐξοχὴ
602 1966 641 2004 in
681 1968 791 2004 nullo
829 1974 913 2011 est;
961 1965 1129 2015 pecunia
1167 1964 1344 2002 omnium
1385 1964 1616 2013 dignitatem

283 2041 484 2084 exaequat.
547 2034 733 2070 Messalla
754 2034 922 2082 languet,
946 2044 1027 2069 non
1049 2044 1128 2080 quo
1155 2037 1221 2067 aut
1242 2029 1396 2067 animus
1423 2028 1525 2066 desit
1551 2036 1618 2066 aut

283 2099 399 2138 amici
422 2099 491 2136 sed
512 2098 632 2136 coitio
654 2098 862 2135 consulum
884 2102 921 2133 et
940 2095 1153 2145 Pompeius
1170 2095 1325 2133 obsunt.
1384 2095 1441 2131 Ea
1457 2093 1616 2131 comitia

285 2173 382 2215 puto
417 2165 498 2202 fore
533 2171 575 2201 ut
609 2164 813 2200 ducantur.
873 2160 1093 2198 Tribunicii
1128 2158 1327 2198 candidati
1367 2158 1540 2196 iurarunt
1575 2172 1615 2197 se
1636 2172 1678 2202 30

335 2281 347 2300 1
376 2280 428 2299 me
454 2268 529 2299 add.
557 2266 696 2307 Madvzg
827 2278 845 2305 4
871 2266 1079 2296 offenderem
1114 2264 1206 2294 Man.
1227 2276 1233 2294 :
1257 2268 1343 2294 -eret
1373 2263 1461 2293 codd.
1597 2264 1617 2292 8

290 2314 393 2343 Rosia
412 2312 485 2346 CM,
513 2312 549 2351 cs.
582 2311 673 2351 Vetg.
704 2310 788 2340 Aen.
818 2310 874 2340 vii.
897 2320 958 2348 712
980 2309 1157 2345 (Ribbeck),
1184 2307 1270 2338 Plin.
1302 2306 1347 2336 H.
1375 2306 1417 2337 N.
1448 2307 1524 2336 xvii.
1553 2315 1616 2344 32:

290 2358 402 2387 Rosea
420 2356 506 2396 vulg.
666 2364 701 2384 11
728 2355 762 2384 in
789 2352 1020 2392 spectaculum
1042 2351 1251 2391 Alalaspina:
1278 2361 1341 2381 om.
1362 2351 1393 2379 in
1411 2349 1496 2380 codd.
1514 2361 1520 2380 z
1544 2359 1618 2388 spe-

290 2405 413 2430 ctatum
440 2399 607 2435 Graevius,
631 2397 753 2428 Mic'ller
897 2405 934 2435 15
954 2398 1029 2436 post
1051 2401 1117 2426 tarn
1140 2394 1213 2425 add.
1244 2394 1393 2424 ieiunum
1419 2391 1614 2432 Hirschfeld,

291 2445 391 2475 inane
409 2442 494 2473 Reid
