1732 2661
609 181 720 216 EPI'.
755 181 830 216 ΑΙ)
863 180 1120 217 A'I‘TICVM
1481 181 1532 217 ΙΙ.
1551 180 1658 215 xxiv

199 291 420 342 postulavit.
482 293 757 330 Reclamatum
779 299 847 329 est.
902 293 1007 329 Tum
1029 291 1210 341 exposuit
1232 304 1394 329 manum
1417 291 1534 330 fuisse

199 356 411 395 iuventutis
450 357 552 395 duce
585 356 769 403 Curione,
806 356 845 394 in
886 370 964 406 qua
999 358 1143 394 Paulus
1177 356 1288 394 initio
1323 356 1458 395 fuisset
1497 364 1534 395 et

200 422 250 470 Q.
273 421 423 471 Caepio
452 421 516 459 hic
548 423 692 458 Brutus
722 429 759 458 et
792 423 993 467 Lentulus,
1025 420 1195 458 flaminis
1227 421 1340 468 filius,
1372 421 1534 460 conscio

198 493 332 536 patre3
360 493 499 536 postea
529 486 572 524 C.
598 485 832 535 Septimium
861 485 1029 524 scribam
1054 485 1185 523 Bibuli
1216 486 1429 536 pugionem
1458 487 1531 525 sibi

159 565 175 595 5
196 565 220 589 a
241 550 385 589 Bibulo
404 550 591 588 attulisse.
653 551 775 598 Quod
800 558 927 588 totum
956 550 1118 588 inrisum
1147 558 1215 597 est,
1238 551 1372 589 Vettio
1398 551 1531 602 pugio-

197 629 289 654 nem
309 615 481 654 defuisse
501 615 575 653 nisi
592 614 627 654 ei
648 617 786 653 consul
804 615 988 663 dedisset,
1006 629 1134 665 eoque
1157 615 1278 666 magis
1300 615 1339 654 id
1361 616 1530 655 eiectum

197 688 254 719 est
285 681 393 730 quod
417 694 449 718 a.
477 682 513 719 d.
546 693 591 718 111
622 682 717 718 Idus
754 680 880 718 Maias
918 680 1083 719 Bibulus
1119 681 1353 731 Pompeium
1386 682 1530 720 fecerat

195 745 399 783 certiorem
431 752 472 783 ut
499 752 653 783 caveret
682 744 867 787 insidias3
903 745 941 782 in
973 760 1053 795 quo
1083 745 1117 784 ei
1147 746 1360 796 Pompeius
1386 746 1527 796 gratias

195 818 333 860 egerat.
396 811 652 847 Introductus
683 809 803 848 Curio
834 810 936 848 filius
967 810 1063 849 dixit
1093 812 1144 849 ad
1172 824 1217 849 ea
1245 824 1346 860 quae
1371 811 1526 849 Vettius
1546 822 1570 857 3

139 889 175 910 10
195 875 353 922 dixerat,
387 874 636 923 maximeque
667 874 705 911 in
738 887 785 912 eo
817 882 899 912 tum
932 875 1093 925 quidem
1124 875 1280 914 Vettius
1312 884 1370 914 est
1404 890 1528 926 repre-

194 941 340 978 hensus
375 940 484 990 quod
519 938 667 976 dixerat
699 940 1013 977 adulescentium
1051 940 1260 978 consilium
1295 948 1337 978 ut
1368 940 1408 978 in
1444 943 1528 980 foro

193 1003 319 1059 [cum]
349 1004 630 1055 gladiatoribus
662 1003 808 1042 Gabini
842 1005 1076 1055 Pompeium
1106 1005 1376 1053 adorirentur,-
1410 1006 1449 1044 in
1479 1020 1527 1045 eo

192 1070 411 1122 principem
446 1070 612 1107 Paulum
648 1069 777 1115 fuisse,
816 1083 934 1119 quem
966 1071 1172 1109 constabat
1202 1085 1250 1109 eo
1280 1079 1456 1121 tempore
1486 1071 1526 1109 in

195 1135 434 1174 Macedonia
455 1134 583 1172 fuisse.
647 1134 707 1172 Fit
730 1144 887 1173 senatus
917 1137 1141 1173 consultum
1171 1143 1213 1173 ut
1234 1136 1399 1183 Vettius,
1416 1138 1525 1186 quod

134 1219 171 1251 ¹5
192 1202 395 1240 confessus
420 1207 522 1238 esset
553 1214 593 1237 se
619 1213 708 1237 cum
740 1202 817 1238 telo
849 1200 977 1248 fuisse,
1005 1201 1043 1238 in
1072 1200 1229 1239 vincula
1258 1201 1525 1249 coniceretur3

192 1267 258 1316 qui
291 1265 493 1311 emisisset,
529 1279 619 1303 eum
656 1274 791 1303 contra
832 1280 912 1303 rem
954 1265 1152 1315 publicam
1193 1280 1278 1304 esse
1317 1268 1521 1304 facturum.

192 1334 273 1370 Res
307 1340 387 1370 erat
419 1331 458 1369 in
498 1345 543 1370 ea
583 1331 770 1381 opinione
804 1340 845 1369 ut
887 1339 1069 1382 putarent
1108 1331 1147 1370 id
1188 1345 1272 1370 esse
1311 1339 1442 1369 actum
1481 1339 1524 1370 ut

191 1397 346 1436 Vettius
380 1397 419 1435 in
452 1399 535 1435 foro
567 1410 657 1435 cum
690 1397 861 1447 pugione
896 1404 933 1434 et
968 1396 1060 1434 item
1096 1396 1195 1435 servi
1229 1396 1312 1434 eius
1350 1410 1524 1447 compre-

191 1464 456 1501 henderentur
485 1476 575 1500 cum
607 1462 703 1509 telis,
729 1461 874 1500 deinde
905 1461 969 1500 ille
1000 1475 1040 1500 se
1068 1461 1215 1500 diceret
1245 1461 1519 1500 indicaturum.

134 1545 171 1566 20
193 1530 320 1578 quue
341 1529 394 1566 ita
414 1530 560 1566 factum
583 1536 684 1566 esset
705 1527 778 1565 nisi
796 1527 988 1566 Curiones
1005 1540 1086 1565 rem
1107 1535 1198 1565 ante
1218 1528 1268 1565 ad
1288 1527 1520 1577 Pompeium

190 1594 432 1632 detulissent.
492 1596 596 1631 Tum
619 1601 776 1632 senatus
799 1593 1023 1630 consultum
1046 1592 1085 1629 in
1102 1592 1289 1631 contione
1316 1592 1520 1631 recitatum

190 1667 258 1698 est.
319 1662 481 1698 Postero
511 1667 642 1697 autem
675 1659 739 1697 die
776 1659 931 1705 Caesar,
963 1657 994 1695 is
1024 1657 1091 1706 qui
1122 1657 1215 1695 olim
1246 1665 1400 1707 praetor
1428 1671 1519 1696 curn

190 1733 291 1764 esset
313 1727 360 1774 Q.
386 1727 571 1765 Catulum
593 1739 640 1763 ex
664 1724 845 1762 inferiore
873 1725 961 1761 loco
990 1722 1151 1761 iusserat
1177 1723 1318 1770 dicere,
1342 1723 1519 1762 Vettium

190 1791 228 1828 in
250 1798 371 1829 rostra
392 1790 574 1840 produxit
595 1803 766 1838 eumque
794 1788 834 1825 in
856 1802 903 1826 eo
925 1789 1013 1826 loco
1041 1787 1243 1826 constituit
1268 1802 1347 1838 quo
1376 1788 1520 1826 Bibulo

130 1872 167 1903 25
189 1856 340 1894 consuli
370 1855 569 1906 adspirare
599 1868 680 1893 non
710 1854 852 1892 liceret.
915 1853 995 1891 Hic
1023 1852 1087 1891 ille
1112 1853 1245 1891 omnia
1272 1867 1372 1902 quae
1396 1853 1520 1892 voluit

188 1923 238 1960 de
259 1935 298 1959 re
319 1921 477 1971 publica
498 1920 605 1966 dixit,
629 1927 670 1957 ut
692 1919 759 1969 qui
780 1919 871 1956 illuc
893 1920 1017 1956 factus
1040 1918 1319 1968 institutusque
1336 1918 1516 1957 venisset.

190 1985 363 2022 Primum
382 1984 627 2034 Caepionem
649 1985 698 2021 de
715 1983 891 2021 oratione
913 1996 982 2020 sua
1004 1983 1168 2029 sustulit,
1186 1996 1304 2032 quem
1326 1982 1365 2020 in
1382 1991 1519 2021 senatu

188 2050 374 2089 acerrime
413 2050 644 2095 nominarat,
687 2056 729 2086 ut
767 2055 970 2098 appareret
1010 2056 1168 2086 noctem
1209 2056 1246 2087 et
1285 2056 1519 2086 nocturnam

189 2115 507 2165 deprecationem
547 2113 821 2152 intercessisse.
884 2113 1040 2151 Deinde
1075 2127 1175 2162 quos
1215 2113 1253 2150 in
1293 2120 1430 2151 senatu
1470 2127 1520 2152 ne

127 2200 168 2230 30
189 2181 418 2219 tenuissima
462 2180 623 2230 quidem
673 2178 897 2228 suspicione
944 2178 1132 2227 attigerat,
1177 2192 1244 2217 eos
1288 2178 1516 2226 nominavit,

190 2248 235 2284 L.
259 2247 479 2291 Lucullum,
503 2259 525 2283 a
546 2258 626 2294 quo
656 2244 814 2281 solitum
845 2256 929 2280 esse
959 2244 1009 2280 ad
1040 2257 1080 2280 se
1112 2243 1211 2280 mitti
1241 2244 1283 2282 C.
1310 2243 1516 2291 Fannium,

236 2359 270 2379 11
294 2350 424 2379 dixerat
438 2349 470 2379 id
489 2349 593 2378 fuisse
608 2347 875 2378 adulescentium
892 2346 1014 2375 Mallcr
1083 2357 1120 2376 12
1139 2356 1211 2376 cum
1227 2347 1293 2377 scel.
1309 2346 1403 2378 Man.
1479 2349 1518 2378 16

189 2393 366 2432 emisisset,
387 2403 462 2423 eum
478 2392 608 2422 Baiter:
634 2401 710 2421 eum
728 2390 898 2420 emisisset
915 2389 1071 2428 M¹‚sorl.
1094 2393 1174 2427 recte,
1195 2390 1230 2427 cjl
1248 2391 1266 2420 i.
1285 2392 1334 2422 16.
1354 2401 1391 2421 12
1407 2402 1413 2421 :
1439 2402 1516 2422 eum

188 2436 366 2475 emisisset,
394 2446 470 2466 eum
497 2434 553 2465 M‘2
696 2444 737 2463 20
763 2434 885 2463 facturn
918 2432 1065 2463 Ernesti:
1101 2438 1211 2463 actum
1243 2433 1330 2465 codd.
1474 2437 1517 2466 26

188 2479 321 2520 publica
337 2479 404 2511 secl.
423 2479 516 2509 Man.
626 2482 660 2507 ut
678 2477 759 2506 Pius
776 2488 782 2507 ε
807 2482 840 2506 et
857 2476 945 2507 codd.
