1773 2651
634 150 745 186 EPP.
779 150 856 186 AD
888 150 1147 188 ATTICVM
1482 153 1527 188 V.
1552 152 1628 188 xiii

219 260 447 299 mutationis
472 260 554 300 eius
577 274 694 310 quam
717 269 847 300 tecum
874 261 946 300 feci
968 262 1084 300 edidi.
1147 264 1250 312 Ergo
1272 264 1368 301 haec
1389 276 1549 312 quoque

217 326 419 364 hactenus.

272 393 412 429 Redeo
427 393 477 430 ad
496 392 654 429 urbana.
707 394 780 430 Per
796 394 970 431 fortunas
988 396 994 430 1
1022 392 1209 442 quoniam
1227 395 1379 432 Romae
1401 407 1547 440 manes,
1570 399 1594 436 3

215 455 384 505 primum
421 456 517 495 illud
552 457 739 506 praefulci
771 465 890 507 atque
930 458 1132 508 praemuni
1166 472 1313 507 quaeso
1348 466 1389 496 ut
1429 458 1550 496 simus

176 537 193 568 5
214 521 349 567 annui,
376 535 424 560 ne
452 521 700 560 intercaletur
727 522 900 572 quidem.
963 523 1118 561 Deinde
1146 523 1304 561 exhauri
1335 537 1421 562 mea
1446 537 1549 561 man-

214 587 305 624 data
332 586 579 636 maximeque
607 586 637 624 si
666 587 761 636 quid
790 595 918 637 potest
943 589 993 626 de
1024 587 1090 625 illo
1117 588 1337 626 domestico
1365 590 1549 638 scrupulo

213 664 332 700 quem
356 664 435 689 non
462 651 626 700 ignoras,
651 652 744 690 dein
767 654 816 691 de
838 653 1006 691 Caesare
1032 652 1142 690 cuius
1168 652 1206 690 in
1232 653 1488 703 cupiditatem
1512 662 1548 691 te

211 724 370 754 auctore
391 716 553 754 incubui
579 730 651 755 nec
680 731 742 755 me
763 717 879 767 piget.
936 719 986 755 Et
1008 717 1039 755 si
1061 717 1252 768 intellegis
1273 732 1391 768 quam
1414 732 1546 756 meum

212 781 259 818 sit
281 781 377 819 scire
399 789 436 819 et
457 795 590 820 curare
607 782 702 832 quid
724 782 764 819 in
786 796 824 821 re
845 782 1004 832 publica
1026 784 1214 821 fiat—fiat
1235 785 1397 822 autem?
1424 783 1547 821 immo

154 859 192 882 10
211 859 302 884 vero
332 846 449 884 etiam
480 847 576 896 quid
606 848 779 885 futurum
809 847 867 893 sit,
898 847 1094 897 perscribe
1128 849 1178 886 ad
1209 862 1272 886 me
1302 849 1448 896 omnia,
1476 850 1545 887 sed

210 910 509 960 diligentissime
549 911 819 961 imprimisque
859 911 1002 961 ecquid
1042 911 1277 950 iudiciorum
1318 920 1440 951 status
1479 921 1545 951 aut

209 976 401 1013 factorum
430 984 497 1014 aut
525 977 743 1014 futurorum
774 976 891 1014 etiam
922 977 1083 1014 laboret.
1146 978 1207 1015 De
1236 990 1351 1027 aqua,
1376 977 1406 1015 si
1428 990 1544 1017 curae

208 1048 276 1086 est,
301 1041 331 1079 si
353 1041 448 1091 quid
472 1041 675 1091 Philippus
701 1049 788 1091 aget
809 1041 1107 1079 animadvertes.

250 1159 359 1194 XIV
529 1162 601 1194 Ser.
627 1162 787 1193 Trallibus
803 1163 838 1193 vi
851 1162 892 1194 K.
909 1162 997 1193 Sext.
1015 1173 1044 1193 a.
1065 1173 1119 1203 703
1137 1163 1149 1203 (
1159 1165 1225 1203 51).

149 1242 185 1272 15
625 1234 800 1266 CICERO
825 1235 996 1265 ATTICO
1023 1235 1122 1266 SAL.

259 1310 363 1346 Ante
393 1321 511 1358 quam
546 1308 679 1358 aliquo
713 1309 802 1346 loco
836 1309 1069 1355 consedero,
1099 1322 1228 1358 neque
1258 1310 1393 1359 longas
1424 1322 1447 1347 a
1476 1322 1539 1348 me
1559 1317 1575 1344 1

204 1387 333 1424 neque
360 1388 514 1425 semper
544 1388 631 1412 mea
662 1388 780 1412 manu
809 1374 954 1412 litteras
985 1374 1255 1424 exspectabis3
1289 1388 1379 1412 cum
1406 1383 1539 1413 autem

202 1439 272 1477 erit
294 1440 477 1489 spatium,
491 1447 701 1489 utrumque
723 1440 941 1490 praestabo.
998 1441 1117 1477 Nunc
1138 1439 1209 1477 iter
1229 1439 1539 1478 conficiebamus

201 1512 384 1542 aestuosa
405 1512 442 1542 et
462 1505 734 1554 pulverulenta
755 1504 826 1542 via.
889 1505 1088 1542 Dederam
1108 1505 1268 1553 Epheso
1289 1504 1413 1553 pridie
1428 1519 1437 1551 ;
1467 1505 1537 1542 has

143 1587 180 1608 20
201 1569 293 1607 dedi
314 1569 521 1607 Trallibus.
584 1571 631 1607 In
662 1568 863 1619 provincia
899 1582 987 1607 mea
1018 1570 1099 1607 fore
1132 1582 1195 1606 me
1224 1569 1413 1618 putabam
1446 1571 1532 1607 Kal.

199 1634 420 1672 Sextilibus.
482 1635 540 1672 ΕΧ
574 1648 620 1672 ea
654 1634 732 1681 die,
763 1634 793 1672 Si
830 1647 892 1672 me
931 1647 1052 1681 amas,
1087 1636 1319 1686 παράπηγμα
1352 1637 1536 1674 ἐνιαύσιον

199 1707 460 1737 commoveto.
523 1700 680 1737 Interea
701 1707 833 1737 tamen
861 1700 958 1737 haec
984 1698 1080 1736 mihi
1101 1712 1202 1748 quae
1223 1700 1363 1737 vellem
1388 1700 1535 1738 adfere-

198 1764 352 1811 bantur,
373 1763 543 1814 primum
573 1763 697 1802 otium
720 1763 961 1811 Parthicum,
982 1763 1074 1802 dein
1102 1765 1306 1802 confectae
1330 1764 1532 1814 pactiones

197 1829 510 1879 publicanorum,
540 1837 741 1879 postremo
773 1829 914 1867 seditio
950 1829 1118 1867 militum
1150 1830 1286 1867 sedata
1319 1830 1369 1867 ab
1399 1829 1532 1880 Appio

138 1907 176 1939 25
196 1894 519 1945 stipendiumque
540 1894 594 1933 eis
616 1908 741 1944 usque
762 1896 812 1932 ad
835 1895 932 1932 Idus
955 1894 1143 1943 Quintilis
1165 1896 1419 1944 persolutum.

250 1961 335 1998 Nos
357 1960 451 1998 Asia
474 1961 626 2009 accepit
647 1959 939 1998 admirabiliter.
1000 1961 1207 1998 Adventus
1228 1967 1360 1998 noster
1380 1960 1528 1998 nemini
1547 1967 1571 1995 2

195 2038 240 2061 ne
260 2024 424 2063 minimo
445 2024 606 2074 quidem
628 2024 699 2062 suit
721 2024 904 2074 sumptui.
965 2025 1088 2074 Spero
1109 2038 1219 2063 meos
1240 2025 1368 2063 omnis
1389 2026 1530 2064 servire

195 2090 301 2128 laudi
322 2103 443 2128 meae.
485 2091 638 2128 Tamen
660 2104 804 2139 magno
831 2090 970 2128 timore
992 2104 1076 2127 sum
1101 2092 1169 2128 sed
1192 2091 1293 2129 bene
1314 2104 1526 2141 speramus.

238 2195 259 2223 6
282 2193 362 2231 quid
389 2192 516 2233 potest]
535 2193 671 2231 quidem
691 2198 787 2232 potes
805 2192 917 2224 Moser
1012 2194 1170 2232 scrupulo
1202 2194 1339 2224 Vrsinus
1357 2207 1363 2224 z
1387 2205 1527 2234 scrupu-

195 2236 262 2265 lum
294 2236 335 2265 M
358 2240 412 2273 (sc.
440 2237 481 2266 ab
514 2237 655 2266 exhauri
678 2237 850 2275 pendcns‘).
900 2237 1025 2266 Locum
1065 2239 1108 2267 ita
1134 2238 1261 2277 refingit
1293 2237 1404 2268 Moser
1429 2239 1526 2268 deme

195 2280 286 2309 illum
311 2280 530 2310 domesticum
556 2281 750 2318 scrupulum
886 2290 921 2309 11
958 2281 1205 2321 imprimisque]
1242 2282 1406 2320 imprimis
1436 2292 1526 2312 nunc

196 2322 251 2351 ΛΡ
342 2324 462 2361 ecquid
492 2324 635 2352 Rosius:
658 2324 736 2361 quid
765 2323 844 2354 M¹z
876 2334 957 2354 num
987 2325 1066 2362 quid
1093 2323 1211 2356 Lamb.
1240 2335 1278 2354 ex
1300 2324 1354 2354 M²
1486 2335 1523 2355 21

195 2376 248 2396 me
265 2376 359 2396 amas
375 2370 444 2397 vett.
463 2378 468 2397 :
497 2376 587 2396 meas
604 2364 684 2394 ΜΖΖ
781 2378 822 2397 22
845 2367 978 2397 Interea
997 2372 1110 2397 tamen
1130 2370 1153 2398 Σ
1169 2380 1175 2397 :
1211 2373 1323 2398 tamen
1342 2369 1474 2399 interea
1498 2374 1526 2399 Δ

194 2419 232 2447 27
261 2420 303 2439 ne
321 2409 395 2440 add.
416 2413 486 2440 vett.
601 2409 711 2447 Spero
729 2409 802 2440 M-‘z
829 2420 890 2449 per
907 2409 961 2440 Ml
1085 2411 1126 2440 28
1151 2411 1184 2440 in
1202 2421 1325 2449 magno
1339 2410 1367 2440 L
1386 2413 1526 2452 (marg.)

192 2462 368 2491 speramus
381 2452 474 2484 Mau.
491 2464 497 2484 :
523 2462 680 2493 paramus
698 2451 738 2481 M
