1773 2651
116 189 233 226 VIII.

219 456 235 482 1

253 189 298 224 xi
636 188 690 224 M.
723 187 891 223 TVLLI
924 185 1231 224 CICERONIS

300 294 367 329 XI
534 296 603 328 ΞΝ.
623 298 656 327 in
675 297 857 327 Formiano
873 296 910 326 iii
923 296 965 326 K.
987 294 1087 327 Mart.
1105 306 1135 326 α.
1157 305 1211 334 705
1230 294 1315 335 (49).

671 373 844 404 CICERO
870 372 1040 403 ATTICO
1069 371 1167 402 SAL.

310 439 431 487 Quod
467 451 530 476 me
564 450 709 487 magno
739 436 859 475 animi
892 444 1001 474 motu
1041 437 1311 486 perturbatum
1345 444 1470 487 putas,
1503 450 1590 476 sum

255 503 439 553 equidem
475 504 544 541 sed
579 517 659 541 non
692 512 771 540 tam
804 515 948 552 magno
986 515 1105 552 quam
1138 502 1207 540 tibi
1248 503 1409 541 fortasse
1443 502 1587 541 videor.

255 570 424 606 Levatur
452 568 557 606 enim
588 567 716 606 omnis
746 581 838 605 cura
866 580 957 605 cum
986 575 1053 605 aut
1082 567 1257 606 constitit
1284 567 1492 606 consilium
1523 575 1590 607 aut
1610 581 1628 614 5

254 632 466 683 cogitando
505 632 601 670 nihil
645 632 868 682 explicatur.
930 632 1153 670 Lamentari
1192 640 1324 670 autem
1364 632 1454 671 licet
1492 632 1589 671 illud

255 697 416 747 quidem
456 705 560 736 totos
599 697 708 744 dies,
749 698 818 735 sed
857 710 992 735 vereor
1030 711 1080 735 ne
1119 696 1215 734 nihil
1254 711 1345 735 cum
1384 697 1587 748 proficiam

254 763 371 801 etiam
406 763 592 801 dedecori
627 762 700 801 sim
740 762 878 800 studiis
916 776 962 800 ac
996 762 1131 800 litteris
1170 762 1323 801 nostris.
1383 764 1589 802 Consumo

254 828 367 879 igitur
401 842 520 866 omne
548 836 703 878 tempus
738 827 992 866 considerans
1027 835 1173 877 quanta
1211 827 1268 865 vis
1302 827 1350 865 sit
1384 828 1485 866 illius
1520 827 1589 866 viri

254 907 373 943 quem
394 893 536 931 nostris
560 893 667 931 libris
691 892 782 931 satis
811 892 1027 942 diligenter,
1051 900 1093 930 ut
1120 892 1190 930 tibi
1215 892 1376 942 quidem
1398 893 1587 940 videmur,

254 958 523 1008 expressimus
595 960 779 996 Tenesne
814 957 928 1007 igitur
967 959 1255 996 moderatorem
1291 957 1401 995 illum
1435 958 1488 996 rei
1522 972 1590 1008 pu-

254 1023 379 1062 blicae
411 1037 491 1073 quo
523 1025 662 1062 referre
693 1022 859 1061 velimus
893 1022 1056 1060 onmia?
1127 1024 1231 1060 Nam
1266 1022 1321 1060 sic
1360 1022 1509 1072 quinto,
1547 1030 1590 1060 ut

253 1088 403 1138 opinor,
445 1088 483 1126 in
528 1088 626 1126 libro
666 1087 838 1137 loquitur
880 1087 1024 1137 Scipio,
1070 1089 1147 1125 ‘Vt
1186 1087 1291 1126 enim
1339 1087 1590 1137 gubernatori

254 1167 388 1192 cursus
419 1154 628 1199 secundus,
653 1152 809 1191 medico
839 1154 952 1198 salus,
977 1152 1201 1202 imperatori
1222 1152 1393 1200 victoria,
1416 1153 1472 1192 sic
1498 1153 1590 1192 huic

256 1219 492 1258 moderatori
520 1219 573 1257 rei
603 1218 784 1269 publicae
814 1219 930 1256 beata
956 1218 1100 1256 civium
1132 1217 1209 1256 vita
1236 1218 1435 1268 proposita
1455 1226 1523 1265 est,
1548 1227 1590 1258 ut

255 1285 397 1335 opibus
428 1286 548 1331 firma,
572 1283 695 1334 copiis
723 1285 909 1333 locuples,
940 1282 1061 1333 gloria
1090 1285 1234 1333 ampla,
1254 1283 1395 1322 virtute
1425 1285 1591 1323 honesta

255 1350 313 1388 sit.
375 1349 507 1388 Huius
528 1349 633 1387 enim
655 1348 783 1398 operis
806 1347 963 1386 maximi
984 1348 1083 1386 inter
1110 1348 1292 1387 homines
1312 1356 1431 1398 atque
1450 1348 1590 1399 optimi

213 1416 366 1455 2illum
405 1428 490 1453 esse
529 1415 786 1464 perfectorem
825 1415 939 1451 volo.'
998 1416 1091 1452 Hoc
1131 1415 1290 1452 Gnaeus
1329 1421 1462 1452 noster
1499 1427 1589 1452 cum

209 2209 234 2246 3

255 1488 372 1518 antea
391 1493 609 1529 numquam
631 1487 714 1517 tum
736 1478 775 1516 in
796 1479 870 1517 hac
891 1492 1009 1517 causa
1030 1478 1192 1517 minime
1212 1478 1406 1529 cogitavit.
1457 1479 1592 1518 Domi-

256 1545 363 1583 natio
384 1544 560 1595 quaesita
580 1544 631 1582 ab
652 1551 818 1593 utroque
840 1551 911 1587 est,
925 1558 1006 1581 non
1023 1544 1063 1582 id
1079 1552 1211 1582 actum
1232 1544 1347 1582 beata
1367 1551 1404 1582 et
1425 1545 1591 1583 honesta

256 1609 391 1648 civitas
422 1617 463 1647 ut
493 1616 605 1647 esset.
666 1610 753 1646 Nec
784 1622 874 1646 vero
910 1608 974 1646 ille
1006 1609 1144 1647 urbem
1177 1608 1331 1658 reliquit
1363 1609 1471 1657 quod
1503 1622 1590 1647 eam

255 1674 352 1712 tueri
383 1688 463 1712 non
494 1681 626 1724 posset
658 1687 731 1711 nec
763 1673 917 1711 Italiam
950 1675 1058 1723 quod
1089 1687 1134 1711 ea
1164 1674 1384 1723 pelleretur,
1413 1673 1483 1710 sed
1515 1674 1591 1711 hoc

253 1753 276 1777 a
305 1739 431 1790 primo
461 1738 656 1788 cogitavit,
680 1738 807 1775 omnis
838 1746 969 1785 terras,
990 1737 1123 1776 omnia
1145 1737 1265 1775 maria
1291 1750 1459 1783 movere,
1482 1750 1590 1787 reges

255 1805 440 1843 barbaros
470 1803 642 1850 incitare,
665 1803 791 1854 gentis
822 1805 920 1842 feras
947 1811 1114 1841 armatas
1143 1802 1181 1840 in
1205 1801 1358 1840 Italiam
1379 1803 1588 1848 adducere,

255 1869 445 1908 exercitus
483 1870 677 1907 conficere
717 1869 919 1907 maximos.
980 1870 1116 1907 Genus
1156 1867 1251 1905 illud
1290 1867 1438 1905 Sullani
1483 1866 1590 1916 regni

254 1934 331 1972 iam
353 1934 504 1984 pridem
525 1934 721 1984 appetitur
742 1934 874 1972 multis
895 1933 961 1984 qui
989 1947 1067 1971 una
1094 1940 1184 1971 sunt
1205 1932 1465 1982 cupientibus.
1526 1935 1590 1970 An

253 2013 390 2038 censes
429 1999 525 2037 nihil
561 1999 660 2038 inter
692 2014 760 2038 eos
799 1998 1020 2044 convenire,
1056 2000 1203 2036 nullam
1244 1997 1468 2046 pactionem
1508 1997 1590 2034 fieri

253 2065 459 2115 potuisse?
517 2064 653 2103 Hodie
680 2072 819 2115 potest.
879 2065 957 2102 Sed
985 2062 1111 2101 neutri
1132 2063 1271 2102 σκοπὸς
1291 2069 1349 2100 est
1370 2061 1433 2100 ille
1454 2068 1496 2099 ut
1516 2075 1589 2100 nos

254 2131 357 2170 beati
378 2131 498 2169 simus
516 2146 524 2177 ;
554 2139 718 2181 uterque
738 2144 898 2181 regnare
919 2131 1010 2168 vult.

1612 910 1651 931 10

1612 1557 1651 1578 20

1612 1882 1649 1914 25

308 2199 422 2235 Haec
442 2211 465 2234 a
488 2204 526 2234 te
554 2196 738 2234 invitatus
768 2195 936 2234 breviter
959 2193 1132 2244 exposui.
1192 2191 1362 2231 Voluisti
1392 2191 1497 2230 enim
1525 2205 1588 2230 me
1609 2205 1649 2235 30

252 2261 348 2311 quid
377 2263 426 2299 de
456 2261 515 2298 his
547 2261 657 2299 malis
687 2261 872 2298 sentirem
902 2260 1120 2297 ostendere.
1181 2259 1427 2308 Προθεσπίζω
1461 2257 1585 2308 igitur,

293 2367 314 2395 6
339 2365 416 2396 licet
442 2365 520 2395 illud
546 2364 698 2404 quidem]
723 2365 767 2394 ila
793 2363 995 2403 intmpnnm't
1021 2361 1176 2402 Madvfigr:
1214 2361 1315 2392 licet:
1350 2361 1428 2391 illud
1451 2360 1587 2399 quidem

252 2410 418 2448 (safarim
435 2408 505 2439 edd.
672 2409 691 2437 8
717 2408 875 2438 dedecori
893 2408 955 2436 sim
978 2405 1079 2436 Rom.
1100 2417 1106 2436 :
1131 2405 1309 2436 dedecoris
1326 2405 1359 2435 in
1385 2403 1434 2435 M¹
1452 2416 1458 2436 ε
1484 2404 1587 2435 dede-

250 2453 317 2483 cori
335 2453 396 2483 sim
417 2452 449 2482 in
469 2451 541 2485 M-';
572 2452 730 2482 dedecori
748 2452 791 2482 sit
811 2450 837 2480 L
858 2451 998 2493 (marg.)
