1773 2651
154 171 200 207 V.
225 170 302 206 xiv
617 171 672 207 M.
705 169 874 206 TVLLI
907 168 1214 207 CICERONIS

247 283 398 321 Omnes
434 282 510 320 iarn
546 281 667 321 nostri
698 288 848 331 praeter
873 280 1047 318 Tullium
1081 288 1192 318 tuum
1222 285 1424 318 venerunt.
1486 280 1580 316 Erat

247 346 341 384 mihi
364 347 402 384 in
424 346 557 385 animo
578 355 682 385 recta
704 345 898 396 proficisci
918 347 969 383 ad
990 345 1213 391 exercitum,
1237 344 1406 383 aestivos
1434 344 1580 382 mensis

246 412 416 462 reliquos
437 412 490 450 rei
513 411 666 449 militari
687 413 789 458 dare,
814 411 999 449 hibernos
1020 410 1112 448 iuris
1132 409 1307 449 dictioni.

203 480 227 518 3
299 479 362 515 Tu
379 476 509 524 velim,
524 476 554 514 si
577 490 639 514 me
660 476 784 514 nihilo
806 475 936 513 minus
957 475 1059 514 nosti
1082 475 1280 514 curiosum
1301 474 1341 512 in
1362 488 1401 512 re
1422 474 1580 524 publica

245 556 365 592 quam
393 550 443 589 te,
464 541 611 579 scribas
638 542 688 579 ad
717 554 779 579 me
807 540 940 578 omnia
967 554 1068 590 quae
1098 540 1184 586 sint,
1209 553 1310 589 quae
1338 541 1466 577 futura
1491 538 1576 576 sint.
1601 554 1617 586 5

246 607 355 645 Nihil
388 606 484 644 mihi
515 605 659 656 gratius
694 607 820 643 facere
853 614 991 655 potes;
1033 604 1106 642 nisi
1142 613 1274 643 tamen
1309 604 1349 643 id
1382 604 1453 643 erit
1484 603 1580 641 mihi

243 672 521 722 gratissimum,
549 671 581 709 si
611 685 711 721 quae
742 671 812 709 tibi
847 670 1032 709 mandavi
1062 670 1278 709 confeceris
1310 669 1581 720 imprimisque

245 736 341 775 illud
381 738 594 788 ἐνδόμυχον,
627 750 707 786 quo
742 735 838 773 mihi
874 735 948 773 scis
988 735 1085 773 nihil
1119 749 1204 773 esse
1238 735 1374 773 carius.
1441 735 1580 772 Habes

244 802 453 852 epistulam
488 804 647 852 plenam
678 800 939 840 festinationis
978 807 1016 839 et
1051 800 1244 850 pulveris3
1286 799 1458 849 reliquae
1493 799 1581 843 sub-

246 867 391 906 tiliores
422 876 546 906 erunt.
1602 884 1642 906 10

290 1024 375 1058 XV
535 1026 605 1059 Ser.
624 1026 800 1058 Laodiceae
816 1027 853 1056 iii
865 1025 951 1057 Non.
970 1024 1057 1057 Sext.
1074 1036 1105 1058 α.
1132 1035 1186 1065 705
1205 1026 1289 1067 (51).

667 1115 843 1146 CICERO
869 1115 1042 1145 ATTICO
1069 1114 1165 1146 SAL.

210 1212 227 1239 1
301 1204 541 1243 Laodiceam
563 1204 651 1243 veni
673 1204 798 1254 pridie
821 1205 908 1242 Kal.
934 1204 1097 1242 Sextilis.
1161 1206 1219 1242 Ex
1244 1205 1320 1242 hoc
1341 1203 1405 1242 die
1423 1198 1581 1242 clavum

245 1270 339 1308 anni
365 1269 552 1308 movebis.
614 1269 723 1307 Nihil
753 1269 974 1319 exoptatius
1001 1270 1174 1308 adventu
1203 1283 1306 1315 meo,
1327 1269 1423 1306 nihil
1444 1268 1580 1307 carius.

247 1336 325 1373 Sed
360 1343 417 1373 est
450 1334 681 1373 incredibile
715 1347 834 1384 quam
870 1348 933 1372 me
965 1334 1097 1383 negoti
1128 1335 1298 1380 taedeat,
1328 1347 1406 1371 non
1440 1334 1583 1371 habeat
1607 1344 1642 1376 15

247 1400 339 1439 satis
371 1413 558 1450 magnum
589 1413 773 1449 campum
805 1399 869 1438 ille
899 1398 970 1437 tibi
1000 1413 1081 1437 non
1111 1399 1267 1450 ignotus
1298 1412 1433 1437 cursus
1462 1398 1583 1436 animi

247 1473 285 1504 et
321 1465 535 1504 industriae
570 1478 695 1511 meae,
725 1466 922 1515 praeclara
961 1478 1080 1514 opera
1119 1472 1255 1503 cesset.
1321 1463 1495 1513 Quippe,
1525 1463 1583 1501 ius

248 1531 470 1569 Laodiceae
495 1544 558 1569 me
579 1530 724 1577 dicere,
744 1543 834 1568 cum
858 1531 1012 1568 Romae
1034 1532 1080 1567 A.
1106 1529 1255 1568 Plotius
1281 1529 1396 1575 dicat,
1420 1536 1471 1571 et,
1492 1542 1582 1566 cum

247 1596 459 1635 exercitum
488 1603 620 1634 noster
640 1595 790 1633 amicus
819 1595 962 1634 habeat
985 1603 1152 1642 tantum,
1174 1609 1236 1633 me
1263 1607 1408 1632 nomen
1437 1594 1582 1631 habere

247 1663 414 1700 duarum
446 1661 646 1711 legionum
681 1660 870 1699 exilium?
920 1660 1104 1710 Denique
1138 1661 1236 1699 haec
1271 1673 1351 1697 non
1386 1658 1579 1704 desidero,
1604 1671 1644 1694 20

247 1729 388 1774 lucem,
411 1728 550 1773 forum,
574 1727 726 1773 urbem,
747 1727 923 1773 domurn,
948 1740 1017 1764 vos
1043 1725 1236 1764 desidero.
1296 1726 1374 1763 Sed
1399 1725 1519 1762 feram
1541 1731 1583 1761 ut

247 1800 395 1842 potero,
412 1792 460 1830 sit
477 1793 598 1830 modo
618 1805 806 1830 annuum.
860 1791 898 1829 Si
916 1798 1154 1842 prorogatur,
1171 1798 1302 1829 actum
1324 1797 1392 1827 est.
1434 1791 1582 1827 Verum

249 1857 431 1907 perfacile
452 1857 577 1896 resisti
598 1865 737 1907 potest,
758 1865 799 1895 tu
822 1858 944 1896 modo
967 1858 1121 1894 Romae
1141 1856 1202 1894 sis.

207 1931 231 1958 2
304 1922 471 1971 Quaeris
492 1922 587 1972 quid
612 1922 676 1960 hic
700 1936 824 1973 agam.
887 1924 947 1960 Ita
968 1922 1096 1960 vivam
1121 1929 1163 1959 ut
1191 1920 1381 1959 maximos
1403 1926 1583 1969 sumptus

249 1987 360 2026 facio.
422 1987 589 2026 Mirifice
618 1989 794 2027 delector
823 1989 899 2026 hoc
929 1986 1119 2025 instituto.
1179 1985 1434 2024 Admirabilis
1467 1984 1583 2022 absti-
1605 1997 1642 2029 25

248 2053 383 2092 nentia
416 2066 463 2091 ex
494 2053 712 2104 praeceptis
745 2053 834 2100 tuis,
861 2060 904 2091 ut
930 2066 1063 2091 verear
1096 2065 1146 2090 ne
1180 2051 1277 2089 illud
1309 2051 1416 2100 quod
1451 2058 1582 2088 tecum

250 2117 468 2168 permutavi
493 2132 649 2157 versura
676 2118 772 2156 mihi
803 2119 1038 2156 solvendum
1069 2117 1127 2155 sit.
1188 2116 1293 2167 Appi
1313 2118 1474 2154 vulnera
1500 2129 1581 2153 non

208 2190 231 2226 3
251 2184 398 2231 refrico,
435 2185 504 2222 sed
544 2192 733 2234 apparent
768 2197 841 2222 nec
874 2183 1001 2222 occuli
1036 2190 1211 2233 possunt.
1274 2183 1352 2220 Iter
1384 2181 1583 2220 Laodicea

250 2249 443 2287 faciebam
468 2263 500 2287 a.
524 2250 561 2287 d.
587 2261 632 2286 111
657 2250 760 2287 Non.
786 2248 953 2295 Sextilis,
974 2261 1064 2286 curn
1095 2249 1165 2286 has
1192 2247 1337 2285 litteras
1362 2247 1519 2293 dabam,
1542 2246 1581 2283 in

292 2353 312 2382 8
337 2354 402 2383 scis
434 2357 524 2384 vem:
572 2353 659 2383 scies
692 2351 780 2383 codd.
814 2353 849 2392 cf.
882 2352 947 2384 viii.
977 2362 1006 2391 3.
1043 2352 1136 2391 5fin.
1275 2361 1312 2389 15
1339 2351 1483 2385 taedeat,
1512 2360 1581 2380 non

247 2394 368 2425 habeat
389 2395 446 2433 &²²¹⁰
459 2394 514 2433 M)
534 2395 584 2425 vel
595 2395 730 2424 taedeat
748 2404 821 2424 cum
836 2404 900 2424 non
917 2394 1037 2424 habeat
1052 2394 1193 2424 Miiller:
1219 2394 1365 2424 taedeat.
1391 2393 1467 2424 Non
1481 2393 1581 2423 habet

246 2438 334 2477 vulg.
489 2449 524 2477 17
551 2443 661 2468 cessat
679 2438 766 2478 vulg.
815 2437 865 2467 ius
882 2437 923 2467 I:
949 2442 981 2466 et
1003 2437 1042 2467 iis
1060 2436 1168 2467 MOJ:
1195 2441 1249 2466 tus
1265 2436 1336 2466 NP
1480 2438 1521 2465 26
1546 2441 1581 2466 ut

246 2479 385 2511 NPJJ—‘s
403 2493 409 2511 ε
427 2487 483 2511 aut
497 2482 548 2511 M¹
568 2493 573 2510 z
593 2482 683 2511 haud
698 2481 727 2510 O
815 2491 854 2519 27
874 2481 1061 2520 permutavi
1074 2492 1110 2510 s:
1129 2481 1295 2520 permulta
1306 2481 1336 2510 vi
1351 2480 1399 2520 (in
1413 2479 1460 2519 N)
1477 2479 1584 2510 ONM
