1732 2661
550 196 662 233 EPP.
695 197 773 233 ΑΙ)
804 197 1064 234 ATTICVM
1458 199 1510 235 II.
1530 198 1574 235 iii

199 309 381 346 ‘Interea
410 320 555 353 cursus,
589 320 688 356 quos
719 307 843 357 prima
872 321 895 345 a
924 315 1032 357 parte
1062 307 1245 346 iuventae

224 376 416 422 Quosque
445 373 547 410 adeo
576 374 715 410 consul
745 372 885 411 virtute
915 373 1129 422 animoque
1160 373 1301 423 petisti,

225 439 314 475 Hos
344 437 467 475 retine
495 445 614 486 atque
643 451 742 487 auge
772 439 917 477 famam
949 439 1165 488 laudesque
1201 439 1421 477 bonorum.'

145 504 258 540 Haec
284 501 379 539 mihi
405 515 494 540 cum
521 501 560 539 in
585 515 632 540 eo
658 502 758 540 libro
786 503 825 540 in
851 517 931 552 quo
956 505 1079 540 multa
1109 510 1199 540 sunt
1232 503 1375 553 scripta
1405 507 1477 553 ἀρι-

101 581 118 612 5
141 571 390 617 στοκρατικῶς
425 567 604 616 Calliope
641 567 724 617 ipsa
759 568 1062 617 praescripserit,
1096 582 1176 605 non
1217 567 1357 617 opinor
1392 582 1477 608 esse

141 633 405 671 dubitandum
427 632 523 682 quin
545 646 699 682 semper
720 633 834 670 nobis
856 632 1034 671 videatur

348 697 397 739 Εἷς
426 700 550 738 Οἰωνὸς
580 700 730 747 ἄριστος
759 699 965 748 ἀΙΑύΙΙΕσθαΙ,
993 700 1077 749 περὶ
1105 700 1256 749 πάτρης.

197 765 275 802 Sed
296 765 394 802 haec
413 763 751 801 ambulationibus
782 764 1069 814 Compitaliciis
1100 778 1352 803 reservemus.
1415 766 1477 802 Tu

142 828 267 879 pridie
289 828 528 879 Compitalia
549 836 760 867 memento.
815 829 1022 867 Balineum
1051 829 1195 867 calfieri
1217 829 1374 868 iubebo.
1428 832 1477 868 Et

85 906 122 928 10
144 893 405 943 Pomponiam
445 893 632 931 Terentia
671 901 804 943 rogat3
852 902 1015 932 matrem
1055 894 1327 944 adiungemus.
1392 899 1479 933 Θεο-

142 960 314 1009 φράστου
334 959 416 1009 περὶ
440 960 656 1009 φιλοτιμίας
676 960 786 997 adfer
807 959 903 997 mihi
924 961 974 998 de
995 959 1102 997 libris
1125 959 1264 1008 Quinti
1286 959 1420 999 fratris.

185 1067 252 1102 IV
415 1069 484 1103 Scr.
505 1070 594 1101 Anti
609 1070 714 1101 medio
730 1071 796 1101 circ.
817 1082 861 1101 m.
883 1071 998 1110 Aprili
1010 1082 1041 1101 a.
1063 1072 1122 1112 695
1141 1073 1220 1112 (59).

550 1148 727 1179 CICERO
759 1148 931 1180 ATTICO
965 1149 1061 1179 SAL.

199 1225 340 1265 Fecisti
371 1225 467 1264 mihi
502 1234 722 1277 pergratum
763 1227 871 1276 quod
911 1226 1134 1276 Serapionis
1166 1227 1307 1266 librum
1338 1229 1387 1266 ad
1416 1241 1478 1266 me
1499 1241 1515 1268 1

88 1308 123 1339 15
145 1291 308 1338 misisti3
337 1305 383 1329 ex
416 1305 495 1340 quo
526 1290 687 1341 quidem
716 1305 799 1341 ego,
828 1293 936 1341 quod
968 1291 1067 1330 inter
1094 1306 1166 1331 nos
1197 1293 1311 1331 liceat
1336 1293 1476 1339 dicere,

145 1356 395 1394 millesimam
426 1364 575 1406 partem
600 1356 662 1394 vix
692 1356 887 1406 intellego.
950 1359 1024 1395 Pro
1054 1371 1102 1396 eo
1133 1357 1202 1396 tibi
1233 1367 1479 1408 praesentem

145 1421 353 1472 pecuniam
376 1421 473 1460 solvi
495 1421 694 1471 imperavi,
718 1436 768 1460 ne
789 1429 830 1459 tu
853 1436 1069 1472 expensum
1100 1423 1328 1461 muneribus
1350 1425 1476 1462 ferres.

145 1489 198 1525 At
228 1486 417 1536 quoniam
448 1500 703 1526 nummorum
735 1487 884 1525 mentio
913 1488 1015 1525 facta
1044 1495 1112 1534 est,
1139 1488 1283 1526 amabo
1314 1496 1362 1535 te,
1389 1502 1481 1526 cura

147 1558 188 1589 ut
217 1565 308 1589 cum
336 1550 486 1589 Titinio
516 1565 679 1601 quoquo
710 1553 832 1590 modo
862 1551 1007 1600 poteris
1038 1552 1236 1602 transigas.
1297 1553 1335 1591 Si
1366 1553 1405 1591 in
1433 1568 1481 1591 eo

90 1634 127 1656 20
147 1617 256 1666 quod
295 1617 521 1655 ostenderat
556 1630 635 1654 non
671 1624 757 1663 stat,
798 1616 895 1654 mihi
930 1617 1099 1656 maxime
1134 1619 1261 1667 placet
1296 1632 1341 1656 ea
1380 1632 1481 1668 quae

148 1683 249 1720 male
270 1689 402 1731 empta
423 1689 514 1720 sunt
535 1681 658 1728 reddi,
678 1681 709 1719 si
727 1683 928 1720 voluntate
947 1682 1191 1732 Pomponiae
1213 1682 1294 1721 fieri
1316 1683 1483 1733 poterit;

148 1747 178 1784 si
209 1761 258 1785 ne
290 1746 330 1784 id
362 1746 535 1796 quidem,
563 1746 716 1784 nummi
747 1746 877 1796 potius
908 1747 1123 1785 reddantur
1153 1761 1271 1797 quam
1302 1749 1404 1786 ullus
1434 1748 1482 1786 sit

149 1812 363 1861 scrupulus.
423 1813 550 1849 Valde
578 1813 654 1849 hoc
676 1811 791 1849 velim
817 1819 908 1849 ante
934 1806 1052 1861 quam
1082 1811 1328 1862 proficiscare
1352 1827 1482 1851 aman-

150 1884 218 1923 ter,
239 1884 281 1914 ut
301 1877 414 1923 soles,
438 1876 723 1926 diligenterque
744 1876 941 1914 conficias.

93 1961 129 1992 25
204 1941 369 1981 Clodius
390 1955 491 1991 ergo,
516 1949 558 1979 ut
578 1941 644 1987 ais,
668 1942 719 1979 ad
740 1941 951 1990 Tigranem
971 1945 976 1979 ἕ
1021 1942 1151 1981 Velim
1173 1943 1371 1993 †Sirpiae†
1392 1958 1483 1982 con·
1500 1955 1524 1982 2

149 2005 306 2044 dicione
324 2021 332 2051 ;
361 2007 431 2044 sed
452 2006 565 2045 facile
586 2006 721 2056 patior.
782 2007 1136 2045 Accommodatius
1158 2008 1263 2046 enim
1288 2008 1403 2047 nobis
1424 2016 1482 2047 est

149 2072 200 2109 ad
221 2070 383 2109 liberam
405 2071 641 2121 legationem
673 2078 829 2120 tempus
851 2070 958 2117 illud,
983 2085 1073 2109 cum
1096 2080 1133 2110 et
1156 2072 1329 2122 Quintus
1351 2082 1483 2112 noster

150 2136 237 2182 iam,
262 2143 303 2174 ut
324 2150 535 2186 speramus,
560 2136 599 2173 in
621 2135 703 2174 otio
724 2136 946 2175 consederit
974 2144 1012 2175 et
1039 2136 1111 2175 iste
1132 2139 1315 2176 sacerdos
1347 2141 1482 2178 Bonae

150 2202 248 2240 deae
287 2201 397 2239 cuius
437 2201 544 2239 modi
580 2203 730 2239 futurus
770 2201 817 2239 sit
857 2201 1068 2240 scierimus.
1130 2205 1286 2242 Interea
1319 2204 1481 2254 quidem

199 2307 236 2336 18
260 2306 320 2346 At]
343 2306 411 2336 Sed
430 2306 547 2336 Lamb.
564 2318 570 2336 z
587 2307 668 2345 sort.
691 2306 733 2337 Et
757 2306 793 2344 gf.
813 2307 988 2337 Lehmann
1010 2307 1166 2347 ‘Quaesfi
1180 2307 1187 2318 '
1205 2310 1247 2347 63
1441 2321 1483 2340 22

151 2351 319 2380 addantur
338 2350 364 2379 L
383 2350 526 2390 (margff
695 2359 735 2388 25
761 2350 895 2389 Sirpiae
915 2350 960 2380 C:
987 2351 1110 2390 Syrpie
1130 2352 1186 2382 M:
1222 2353 1371 2391 turpiore
1388 2353 1480 2391 Reid,

152 2394 247 2423 bene:
286 2393 405 2432 Scepsi
436 2393 637 2424 Gronovius:
686 2393 812 2432 Zopyri
850 2393 1058 2434 lVescnbetg:
1099 2396 1185 2425 scire
1217 2406 1284 2434 qua
1311 2397 1491 2437 Slernkopf

152 2439 195 2466 26
219 2436 285 2477 est]
314 2437 378 2467 erit
403 2437 536 2467 Ernesti
667 2447 708 2476 29
743 2437 796 2476 sit,
823 2437 1000 2468 scierimus
1021 2437 1142 2469 Orelli:
1178 2440 1266 2469 scius
1298 2440 1341 2471 sit
1366 2440 1482 2472 codem

153 2479 276 2510 certius
292 2480 335 2510 sit
352 2479 438 2510 Reid

196 2533 259 2554 εις.
278 2533 325 2553 AD
341 2533 413 2555 Αττ.
1378 2528 1398 2558 4
