1732 2661
161 142 191 180 Ι.
213 142 259 178 ix
586 143 641 179 M.
674 142 842 179 TVLLI
874 142 1182 180 CICERONIS

261 265 327 300 IX
486 268 554 299 Ser.
577 268 705 299 Ronme
722 280 765 298 m.
786 268 884 298 Mart.
903 272 962 298 aut
977 269 1060 309 Apr.
1081 279 1101 298 a
1119 270 1182 308 687
1199 268 1280 309 (67).

632 350 807 381 CICERO
832 350 1006 381 ATTICO
1032 351 1130 382 SAL.

272 432 449 471 Nimium
489 446 573 471 raro
614 433 728 471 nobis
759 433 830 471 abs
863 440 899 470 te
932 433 1080 471 litterae
1111 434 1350 480 adferuntur,
1383 447 1474 472 cum
1505 441 1544 473 et

216 499 340 536 multo
365 506 405 536 tu
431 498 581 535 facilius
611 497 779 547 reperias
809 497 876 547 qui
906 499 1076 536 Romam
1107 498 1403 547 proficiscantur
1424 513 1543 549 quarn

213 576 287 612 ego
317 563 383 612 qui
406 564 593 609 Athenas,
617 570 655 600 et
685 562 826 601 certius
857 562 927 600 tibi
958 562 1006 600 sit
1035 576 1097 601 me
1127 576 1212 600 esse
1241 565 1394 601 Romae
1424 577 1542 613 quam
1563 578 1580 608 5

214 627 309 665 mihi
331 636 369 666 te
390 627 568 666 Athenis.
630 629 770 677 Itaque
792 635 950 677 propter
971 629 1073 665 hanc
1093 627 1382 666 dubitationem
1414 642 1542 667 meam

212 692 366 731 brevior
387 693 483 731 haec
505 692 589 742 ipsa
610 692 776 742 epistula
793 700 850 730 est
864 693 984 742 quod,
1008 706 1099 730 cum
1127 692 1297 731 incertus
1322 706 1449 731 essem
1474 694 1542 732 ubi

213 771 328 804 esses,
371 758 556 796 nolebam
596 757 705 795 illum
747 765 925 796 nostrum
964 757 1193 795 familiarem
1240 772 1462 796 sermonem
1502 759 1541 797 in

211 823 358 861 alienas
381 836 520 860 manus
541 822 736 861 devenire.

266 888 384 938 Signa
412 888 611 937 Megarica
638 896 675 927 et
708 890 890 935 Hermas,
914 889 963 926 de
994 888 1137 938 quibus
1167 889 1217 926 ad
1248 902 1310 926 me
1341 888 1537 939 scripsisti,
1563 902 1603 924 10

211 954 465 991 vehementer
496 961 692 1002 exspecto.
753 953 956 1003 Quicquid
986 953 1163 992 eiusdem
1193 954 1344 1003 generis
1376 954 1541 992 habebis

211 1018 374 1068 dignum
396 1018 613 1056 Academia
634 1018 704 1057 tibi
732 1020 840 1068 quod
865 1018 1061 1056 videbitur
1091 1032 1140 1057 ne
1169 1018 1360 1057 dubitaris
1390 1018 1542 1057 mittere

211 1090 249 1121 et
269 1096 380 1121 arcae
401 1090 558 1121 nostrae
579 1083 781 1122 confidito.
842 1085 978 1122 Genus
1000 1085 1076 1122 hoc
1097 1091 1154 1122 est
1175 1083 1385 1132 voluptatis
1406 1097 1517 1122 meae
1535 1099 1542 1129 ;

212 1161 312 1198 quae
333 1148 572 1200 γυμνασιώδη
596 1148 764 1187 maxime
795 1157 895 1195 sunt,
919 1163 965 1187 ea
995 1162 1151 1199 quaero.
1212 1150 1402 1186 Lentulus
1432 1148 1540 1186 navis

211 1226 300 1250 suas
338 1213 554 1263 pollicetur.
634 1216 730 1251 Peto
769 1214 839 1251 abs
879 1221 916 1251 te
955 1221 997 1251 ut
1036 1214 1132 1251 haec
1172 1212 1378 1262 diligenter
1417 1227 1536 1252 cures.
1566 1226 1600 1257 ¹5

211 1277 390 1327 Thyillus
412 1286 449 1317 te
470 1286 578 1329 rogat
599 1286 637 1317 et
658 1292 731 1328 ego
752 1278 835 1316 eius
857 1286 992 1328 rogatu
1013 1278 1261 1328 Εὐμολπιδῶν
1281 1279 1425 1328 πάτρια.

253 1385 295 1419 X
448 1390 517 1421 Scr.
536 1391 568 1420 in
593 1390 778 1421 Tusculano
795 1395 868 1421 ante
885 1401 929 1422 m.
952 1390 1087 1430 Quintil.
1106 1402 1135 1422 α.
1158 1392 1221 1430 687
1240 1392 1319 1432 (όῑὟ.

619 1473 792 1504 CICERO
814 1473 997 1504 ATTICO
1018 1473 1123 1505 SAL.

266 1557 368 1595 Cum
401 1569 527 1595 essem
567 1556 606 1594 in
639 1558 868 1595 Tusculano
901 1557 989 1607 (erit
1021 1558 1096 1595 hoc
1128 1557 1198 1595 tibi
1238 1570 1308 1606 pro
1342 1557 1408 1596 illo
1448 1565 1539 1595 tuo:

214 1622 338 1660 ‘Cum
370 1634 496 1660 essem
527 1621 566 1659 in
598 1621 805 1661 Ceramico
820 1621 844 1672 ')
866 1635 1000 1660 verum
1026 1630 1157 1660 tamen
1190 1636 1280 1660 cum
1314 1622 1367 1660 ibi
1399 1635 1536 1669 essem,
1560 1637 1599 1657 20

213 1687 342 1723 Roma
376 1700 471 1735 puer
502 1700 525 1724 a
563 1700 694 1725 sorore
733 1695 800 1725 tua
839 1686 980 1725 missus
1019 1687 1226 1736 epistulam
1267 1686 1363 1724 mihi
1396 1687 1466 1725 abs
1501 1695 1539 1725 te

210 1752 381 1789 adlatam
407 1751 517 1789 dedit
547 1751 821 1801 nuntiavitque
852 1766 899 1790 eo
930 1752 1015 1802 ipso
1043 1752 1107 1790 die
1128 1760 1217 1802 post
1245 1751 1448 1790 meridiem
1470 1751 1539 1789 itu-

211 1830 296 1854 rum
336 1830 426 1855 eum
466 1817 533 1866 qui
571 1818 622 1855 ad
657 1825 694 1855 te
734 1817 1055 1867 proficisceretur.
1134 1820 1194 1856 Eo
1226 1818 1373 1855 factum
1408 1824 1465 1854 est
1497 1824 1539 1854 ut

210 1881 399 1931 epistulae
430 1889 519 1920 tuae
549 1882 802 1921 rescriberem
829 1882 993 1932 aliquid,
1023 1882 1210 1921 brevitate
1241 1881 1427 1931 temporis
1458 1889 1536 1919 tam

210 1960 335 1995 pauca
356 1960 513 1996 cogerer
533 1946 712 1985 scribere.
1560 1961 1596 1993 25

267 2011 441 2049 Primum
466 2011 536 2049 tibi
560 2013 610 2050 de
641 2020 775 2051 nostro
804 2012 932 2050 amico
963 2013 1158 2062 placando
1187 2020 1253 2050 aut
1277 2011 1393 2067 etiam
1421 2013 1537 2062 plane

210 2075 453 2114 restituendo
492 2076 689 2125 polliceor.
765 2077 887 2125 Quod
926 2090 998 2126 ego
1037 2077 1109 2115 etsi
1148 2090 1235 2115 mea
1273 2084 1413 2126 sponte
1446 2085 1537 2115 ante

209 2140 413 2187 faciebam,
436 2154 484 2179 eo
505 2155 610 2179 nunc
632 2149 764 2180 tamen
789 2149 826 2180 et
853 2155 967 2191 agam
992 2142 1205 2180 studiosius
1232 2149 1270 2180 et
1297 2143 1535 2180 contendam

208 2205 259 2242 ab
293 2204 359 2243 illo
391 2205 674 2252 vehementius,
702 2207 810 2255 quod
843 2213 992 2244 tantam
1022 2220 1068 2244 ex
1098 2205 1264 2255 epistula
1292 2207 1534 2244 voluntatem

256 2319 293 2338 12
319 2309 482 2339 dubitaris
500 2308 602 2339 CMs:
627 2309 761 2340 dubites
779 2309 949 2340 ENHOP
1103 2319 1139 2348 15
1164 2309 1346 2348 diligenter
1362 2319 1459 2339 cures
1484 2313 1510 2338 Δ
1528 2321 1534 2339 :

209 2362 306 2382 cures
331 2352 508 2390 diligenter
526 2356 548 2382 Σ
704 2364 744 2382 22
771 2354 890 2382 iturum
915 2351 953 2382 Zs
973 2364 1027 2383 zac.
1046 2365 1051 2382 :
1079 2354 1256 2383 missurum
1273 2352 1332 2382 M:
1357 2353 1532 2382 missuram

213 2394 286 2425 Vict.
422 2406 462 2433 23
487 2406 562 2425 eum
581 2396 647 2426 secl.
667 2395 797 2425 Emeslt'
