1773 2651
191 177 299 214 VI.i
628 178 682 214 M.
715 176 884 213 TVLLI
917 175 1224 215 CICERONIS

270 288 507 326 edicendum
533 288 676 338 putavi.
737 289 917 336 Quorum
948 300 1072 324 unum
1101 294 1159 325 est
1187 285 1424 336 provinciale
1453 284 1492 323 in
1522 299 1603 335 quo

270 361 329 391 est
359 355 409 392 de
440 353 656 391 rationibus
691 352 904 398 civitatum,
933 353 983 390 de
1016 365 1104 390 aere
1138 350 1279 397 alieno,
1310 352 1361 389 de
1395 364 1520 396 usura,
1553 351 1603 388 de

271 418 511 468 syngraphis,
535 418 574 455 in
605 418 747 456 eodem
773 416 908 455 omnia
937 417 987 454 de
1017 415 1263 466 publicanis3
1291 417 1467 461 alterum,
1494 415 1603 464 quod

272 483 356 522 sine
390 483 521 521 edicto
556 482 647 520 satis
687 482 899 520 commode
934 480 1092 531 transigi
1127 494 1208 519 non
1242 488 1384 530 potest,
1413 481 1464 518 de
1498 481 1604 517 here-

271 548 437 586 ditatum
474 546 804 597 possessionibus,
836 547 886 584 de
921 545 1037 584 bonis
1076 545 1340 595 possidendis,
1371 543 1601 590 vendendis,

272 612 463 662 magistris
493 612 693 657 faciendis,
721 625 822 661 quae
855 625 901 649 ex
931 610 1062 648 edicto
1092 618 1130 648 et
1157 608 1343 660 postulari
1374 616 1412 647 et
1439 608 1521 647 fleri
1547 622 1605 647 so-

271 680 364 716 lent.
422 677 599 715 Tertium
634 678 684 715 de
723 675 874 725 reliquo
913 675 994 713 iure
1034 675 1210 713 dicundo
1249 676 1420 727 ἅγραφον
1453 672 1602 723 reliqui.

274 742 363 780 Dixi
399 756 462 780 me
492 743 542 780 de
571 755 619 780 eo
648 754 789 791 genere
825 753 913 778 mea
942 741 1100 778 decreta
1128 741 1179 778 ad
1209 739 1339 778 edicta
1368 739 1518 777 urbana
1546 751 1606 776 ac-

271 808 630 846 commodaturum.
685 807 825 855 Itaque
846 819 941 843 curo
962 812 999 842 et
1021 805 1113 843 satis
1134 805 1234 843 facio
1255 806 1385 842 adhuc
1406 802 1603 842 omnibus.

273 872 412 910 Graeci
447 885 538 910 vero
577 872 772 909 exsultant
807 871 916 920 quod
952 869 1164 920 peregrinis
1200 869 1396 908 iudicibus
1430 875 1603 906 utuntur.

271 940 281 957 ‘
297 937 563 987 Nugatoribus
580 936 742 985 quidem
760 937 767 951 '
784 935 952 984 inquies.
1002 934 1110 984 Quid
1128 935 1271 972 refert?
1295 942 1427 972 tamen
1443 947 1484 971 se
1505 935 1607 972 αὖτο-

271 1004 401 1052 νομίαν
428 1002 594 1051 adeptos
625 1007 777 1050 putant.
850 999 979 1037 Vestri
1010 999 1116 1037 enim
1152 999 1271 1037 credo
1302 997 1427 1048 gravis
1459 999 1607 1037 habent

272 1067 515 1118 Turpionem
539 1065 729 1103 sutorium
751 1072 788 1103 et
805 1064 982 1102 Vettium
1007 1063 1240 1114 mancipem.

205 1133 252 1170 16
330 1135 390 1171 De
424 1130 645 1182 publicanis
680 1129 775 1179 quid
807 1142 920 1179 agam
955 1128 1097 1167 videris
1130 1142 1326 1178 quaerere.
1388 1129 1534 1167 Habeo
1568 1127 1607 1165 in

274 1197 435 1243 deliciis,
459 1197 668 1244 obsequor,
691 1194 819 1233 verbis
844 1195 973 1239 laudo,
998 1207 1120 1241 orno3
1150 1193 1278 1232 efficio
1299 1207 1348 1232 ne
1369 1193 1432 1232 cui
1454 1192 1609 1231 molesti

274 1263 363 1301 sint.
421 1263 472 1299 Τὸ
492 1261 800 1310 παραδοξότατον,
823 1273 959 1297 usuras
988 1272 1123 1297 eorum
1149 1272 1246 1308 quas
1271 1258 1521 1309 pactionibus
1545 1259 1610 1296 ad-

275 1328 507 1378 scripserant
529 1325 693 1364 servavit
710 1325 827 1363 etiam
850 1324 1047 1362 Servilius.
1107 1326 1192 1373 Ego
1214 1323 1279 1362 sic.
1342 1323 1459 1362 Diem
1480 1331 1610 1361 statuo

275 1393 366 1431 satis
401 1394 538 1437 laxam,
573 1404 692 1441 quam
726 1398 818 1428 ante
853 1389 883 1427 si
923 1388 1118 1435 solverint,
1151 1389 1242 1427 dico
1278 1402 1341 1427 me
1375 1387 1610 1427 centesimas

274 1460 484 1497 ducturum
504 1472 510 1501 ;
540 1456 571 1494 si
596 1470 676 1494 non
701 1454 897 1501 solverint,
921 1468 968 1492 ex
989 1454 1182 1504 pactione.
1246 1455 1385 1504 Itaque
1409 1461 1447 1492 et
1469 1452 1609 1491 Graeci

275 1525 431 1562 solvunt
461 1521 653 1560 tolerabili
685 1522 843 1558 faenore
877 1527 915 1558 et
945 1519 1166 1569 publicanis
1198 1532 1257 1558 res
1288 1527 1347 1558 est
1379 1518 1606 1569 gratissima,

276 1589 306 1626 si
346 1588 410 1625 illa
444 1587 521 1625 iam
557 1587 705 1624 habent
734 1586 853 1635 pleno
894 1584 1040 1630 modio,
1074 1585 1282 1623 verborum
1321 1585 1524 1630 honorem,
1556 1583 1611 1621 in·

276 1652 504 1690 vitationem
540 1652 727 1689 crebram.
800 1649 908 1698 Quid
944 1651 1084 1699 plura?
1131 1656 1221 1687 sunt
1255 1662 1394 1687 omnes
1428 1648 1482 1686 ita
1515 1647 1611 1686 mihi

277 1718 484 1756 familiares
512 1725 553 1754 ut
581 1729 622 1754 se
650 1715 818 1765 quisque
848 1714 1017 1753 maxime
1038 1722 1159 1765 putet.
1231 1715 1309 1753 Sed
1337 1722 1469 1753 tamen
1498 1714 1613 1764 μηδὲν

278 1782 530 1824 αὐτοῖς-δάε
551 1781 708 1831 reliqua.

335 1851 395 1886 De
430 1855 557 1885 statua
584 1846 757 1884 Africani
787 1845 830 1897 (ὢ
859 1847 1086 1899 πραγμάτων
1112 1846 1411 1898 ἀσυγκλώστωνῖ
1452 1845 1521 1883 Sed
1549 1858 1611 1883 me

279 1913 479 1963 idipsum
515 1911 723 1950 delectavit
764 1911 803 1949 in
843 1911 919 1950 tuis
958 1910 1111 1960 litteris)
1150 1910 1214 1949 ain
1254 1912 1325 1948 tu?
1377 1909 1509 1960 Scipio
1548 1909 1612 1947 hic

281 1980 466 2017 Metellus
487 1991 676 2027 proavum
699 1991 813 2015 suurn
835 1976 960 2015 nescit
976 1990 1180 2014 censorem
1203 1990 1283 2014 non
1305 1975 1451 2013 fuisse?
1491 1974 1612 2024 Atqui

280 2044 375 2082 nihil
411 2043 547 2081 habuit
582 2043 689 2081 aliud
722 2042 953 2092 inscriptum
983 2042 1057 2080 nisi
1089 2053 1162 2080 cos
1192 2055 1237 2080 ea
1272 2048 1398 2078 statua
1428 2054 1528 2090 quae
1561 2040 1613 2077 ad

281 2110 379 2160 Opis
411 2115 501 2159 'sper
531 2113 594 2148 ter
625 2108 753 2158 posita
782 2108 821 2146 in
852 2109 1007 2146 excelso
1039 2115 1107 2145 est.
1180 2109 1226 2145 In
1258 2106 1321 2144 illa
1350 2113 1481 2144 autem
1512 2119 1613 2155 quae

324 2225 342 2254 5
369 2215 584 2254 possidendis
608 2214 675 2243 secl.
711 2212 900 2251 llff‘senbm'g
988 2211 1177 2241 vendendis
1214 2211 1246 2239 1'11
1272 2209 1312 2238 M
1333 2213 1404 2244 post
1430 2209 1611 2239 faciendis:

281 2259 481 2298 transposuit
500 2257 616 2287 anb.
755 2266 791 2285 21
819 2256 862 2285 sil
890 2255 938 2284 sic
958 2254 1098 2285 Lamb.:
1134 2254 1262 2283 scilicet
1289 2253 1405 2282 Orelli:
1443 2254 1503 2282 sed
1528 2253 1608 2283 cotti.

286 2302 476 2342 [usenberg
564 2303 606 2330 26
631 2301 661 2331 id
680 2300 756 2330 add.
779 2298 900 2329 Lamb.
998 2299 1040 2327 28
1064 2307 1125 2328 cos
1142 2296 1350 2328 anmscu:
1377 2305 1509 2326 CENSOR
1525 2295 1611 2325 codd.

282 2346 331 2375 Dc·
347 2347 407 2375 lzac
423 2356 453 2374 re
468 2345 503 2383 (s.
514 2345 547 2374 (Ϊ,
562 2345 589 2374 I.
606 2343 643 2373 L.
664 2344 686 2372 i·-'
698 2348 728 2382 p.
746 2344 806 2372 186
873 2341 914 2371 ad
932 2341 1019 2380 vulg.
1039 2353 1044 2372 z
1071 2341 1112 2370 ab
1128 2339 1216 2370 codd.
1307 2351 1348 2377 29
1374 2350 1433 2378 per
1451 2344 1482 2368 te
1502 2339 1590 2379 vulg.
1605 2351 1610 2369 :

284 2395 379 2427 parte
394 2389 431 2418 I:
458 2399 567 2426 nuper
585 2387 662 2417 coni.
684 2387 788 2416 Boot:
815 2385 975 2424 Opifcrae
989 2383 1122 2421 Jordan
1195 2383 1318 2422 posita}
1339 2383 1466 2422 postica
1489 2382 1615 2413 Urlichs

284 2434 411 2462 autem'
433 2433 510 2462 item
529 2431 561 2460 F

1625 553 1642 584 5

1629 881 1667 904 10

1631 1208 1666 1239 15

1630 1531 1670 1554 20

1633 1854 1671 1886 25
