1732 2661
532 177 644 213 EPP.
677 178 754 213 AD
784 177 1044 215 ATTICVM
1441 176 1526 215 II.i

168 301 261 325 suus
292 287 511 337 reliquisset
544 287 639 324 mihi
674 287 846 326 donavit.
920 289 1012 325 Hoc
1048 287 1149 325 illius
1182 301 1325 326 munus
1360 288 1399 326 in
1434 296 1501 326 tua

166 352 369 403 diligentia
398 352 571 403 positum
601 359 670 390 est.
730 352 770 390 Si
801 366 864 390 me
890 365 1008 399 amas,
1033 366 1125 390 cura
1152 360 1193 390 ut
1221 361 1501 392 conserventur

166 426 204 457 et
233 419 284 456 ad
316 431 379 456 me
411 418 675 467 perferantur;
716 418 792 456 hoc
821 417 917 455 mihi
949 417 1046 455 nihil
1076 426 1205 468 potest
1230 432 1314 457 esse
1343 419 1497 468 gratius.

169 485 219 521 Et
249 496 339 521 cum
371 484 542 520 Graecos
574 490 657 520 tum
678 496 770 520 vero
798 481 1004 532 diligenter
1029 483 1191 521 Latinos
1222 491 1263 521 ut
1293 497 1500 522 conserves

131 566 147 597 5
167 547 294 585 velim.
355 549 486 585 Tuum
519 560 604 584 esse
638 548 714 585 hoc
754 549 1035 585 munusculum
1068 549 1227 598 putabo.
1288 549 1352 587 Ad
1385 550 1500 587 Octa-

167 612 273 650 vium
306 611 399 650 dedi
431 611 602 659 litteras;
642 626 734 650 cum
765 612 851 662 ipso
886 612 983 650 nihil
1016 627 1121 651 eram
1152 615 1330 660 locutus3
1370 628 1499 663 neque

167 678 271 716 enim
294 677 367 715 ista
388 685 455 715 tua
476 677 633 726 negotia
653 676 907 726 provincialia
929 692 1014 716 esse
1039 679 1228 728 putabam
1250 692 1378 728 neque
1400 686 1437 717 te
1459 678 1498 716 in

165 741 445 781 tocullionibus
467 742 674 780 habebam.
736 744 813 781 Sed
835 742 983 793 scripsi,
1005 752 1046 781 ut
1067 743 1198 791 debui,
1222 743 1436 794 diligenter.

207 851 256 886 ῙῙ
491 853 560 884 Scr.
581 854 627 884 ad
641 854 754 885 villam
773 866 820 885 m.
842 854 932 893 Dec„
952 866 980 885 a*
1002 857 1065 896 694
1085 855 1167 897 (60).

106 946 145 969 10
575 932 749 963 CICERO
782 933 954 964 ATTICO
989 933 1086 965 SAL.

218 1011 333 1057 Cura,
356 1009 501 1048 amabo
529 1016 576 1055 te,
606 1008 840 1048 Ciceronem
873 1019 1060 1050 nostrum.
1123 1012 1170 1050 Ei
1200 1026 1272 1051 nos
1302 1016 1496 1053 συννοσεῖν
1516 1026 1531 1052 1

162 1075 350 1114 videmur.
412 1076 657 1125 Πελληναίων
678 1074 717 1113 in
744 1075 925 1114 manibus
947 1078 1131 1115 tenebam
1161 1085 1199 1116 et
1230 1079 1387 1117 hercule
1420 1093 1497 1118 ma·
1516 1094 1540 1120 2

163 1154 283 1191 gnum
301 1154 484 1179 acervum
505 1141 737 1180 Dicaearchi
755 1141 850 1178 mihi
870 1149 962 1180 ante
983 1144 1105 1192 pedes
1126 1150 1398 1182 exstruxeram.
1459 1146 1495 1184 O

163 1220 348 1256 magnum
372 1205 575 1244 hominem
604 1214 642 1244 et
669 1207 775 1244 unde
805 1208 930 1245 multo
957 1209 1068 1256 plura
1093 1209 1276 1248 didiceris
1297 1223 1416 1259 quam
1447 1211 1497 1249 de

105 1289 141 1320 15
163 1272 331 1310 Procilio
351 1275 357 1309 Ζ
419 1272 623 1321 Κορινθίων
643 1279 681 1310 et
704 1272 910 1321 Ἀθηναίων
939 1281 1036 1322 puto
1065 1287 1129 1312 me
1160 1276 1314 1313 Romae
1338 1275 1493 1313 habere.

163 1337 265 1374 Mihi
293 1338 453 1377 ’teredes
475 1338 559 1386 lege
589 1337 661 1375 hec
683 1338 834 1376 doceo†
857 1336 1043 1376 mirabilis
1064 1338 1119 1376 vir
1140 1347 1207 1377 est.
1267 1339 1445 1390 Ἡρώδης,
1465 1340 1496 1378 si

161 1405 282 1442 homo
311 1411 426 1449 esset,
453 1417 544 1441 eum
578 1403 708 1453 potius
738 1404 882 1452 legeret
912 1416 1030 1452 quam
1061 1418 1179 1442 unam
1210 1405 1378 1444 litteram
1409 1406 1497 1444 scri—

161 1470 281 1508 beret.
340 1469 420 1519 Qui
451 1483 513 1507 me
541 1469 707 1518 epistula
737 1467 882 1518 petivit,
906 1469 956 1506 ad
985 1477 1033 1515 te,
1056 1477 1098 1507 ut
1123 1469 1251 1517 video,
1273 1471 1496 1509 comminus

160 1534 334 1573 accessit.
395 1534 633 1574 Coniurasse
666 1535 822 1571 mallem
855 1547 973 1583 quarn
1006 1534 1191 1573 restitisse
1221 1535 1494 1583 coniurationi,

103 1616 142 1637 20
161 1599 192 1637 si
213 1599 322 1637 illum
344 1599 440 1637 mihi
460 1599 703 1637 audiendum
726 1606 938 1648 putassem.
989 1600 1051 1637 De
1072 1599 1164 1638 lolio
1185 1613 1303 1639 sanus
1324 1615 1404 1639 non
1426 1615 1466 1640 65
1485 1616 1494 1649 3
1515 1615 1538 1652 3

160 1665 210 1702 de
231 1665 323 1704 vino
343 1666 476 1703 laudo.

214 1732 292 1768 Sed
313 1732 410 1768 heus
432 1738 487 1773 tu,
505 1730 648 1780 ecquid
663 1730 772 1769 vides
792 1732 995 1769 Kalendas
1012 1730 1153 1778 venire,
1170 1732 1390 1770 Antonium
1411 1746 1492 1771 non

159 1794 322 1833 venire?
352 1795 501 1834 iudices
523 1795 639 1845 cogi?
698 1797 801 1833 Nam
833 1795 885 1833 ita
915 1797 965 1834 ad
996 1809 1058 1834 me
1086 1796 1256 1843 mittunt,
1287 1797 1491 1847 Nigidium

160 1859 298 1898 minari
328 1860 367 1898 in
392 1860 578 1899 contione
609 1874 649 1898 se
680 1860 850 1898 iudicem
882 1861 948 1910 qui
979 1874 1060 1899 non
1089 1861 1257 1899 adfuerit
1284 1865 1492 1912 compella-

103 1940 139 1971 25
159 1933 302 1963 turum.
360 1925 489 1964 Velim
521 1934 652 1963 tamen
678 1925 707 1963 si
730 1925 825 1975 quid
850 1934 907 1964 est
929 1927 978 1964 de
1000 1926 1150 1965 Antoni
1179 1928 1351 1965 adventu
1382 1930 1491 1977 quod

157 1991 327 2030 audieris
357 1991 502 2030 scribas
531 1992 582 2029 ad
613 2005 675 2029 me
707 1999 756 2037 et,
788 1991 975 2041 quoniam
1007 1993 1084 2030 huc
1114 2005 1194 2029 non
1224 1992 1344 2038 venis,
1373 2007 1490 2032 cenes

158 2058 265 2105 apud
295 2069 367 2094 nos
398 2055 533 2105 utique
558 2055 682 2105 pridie
717 2057 806 2094 Kal.
857 2057 962 2096 Cave
991 2056 1102 2095 aliter
1131 2056 1262 2095 facias.
1320 2058 1425 2097 Cura
1448 2066 1490 2097 ut

158 2122 297 2159 valeas.

203 2234 222 2262 3
248 2229 281 2255 et
305 2225 347 2255 ad
373 2235 426 2255 me
452 2224 667 2264 perferantur
691 2235 757 2255 om.
785 2223 835 2254 M¹
939 2235 971 2255 11
1000 2225 1037 2256 Ei
1058 2226 1121 2259 (vel
1144 2227 1210 2265 cui)
1239 2237 1300 2257 nos
1321 2228 1489 2257 συννοσεῖν

160 2266 328 2298 Muretus:
355 2268 450 2298 cinos
465 2274 548 2298 Θειοι
564 2267 649 2298 codd.
665 2279 671 2298 ε
697 2268 736 2297 Ei
754 2279 816 2299 nos
829 2270 1002 2307 συμπαθεῖν
1016 2270 1101 2299 Reid
1113 2271 1178 2301 coll.
1200 2270 1257 2301 xii.
1275 2271 1400 2309 irfin.:
1419 2282 1483 2301 om.

161 2311 201 2340 Ei
234 2321 295 2341 nos
324 2310 516 2351 Wesenberg
612 2321 649 2349 14
673 2312 762 2342 unde
790 2311 838 2342 C:
862 2323 903 2343 eo
929 2311 1000 2342 M1:
1028 2314 1146 2343 eodem
1183 2313 1255 2344 M‘:
1280 2315 1362 2352 soii.
1387 2315 1428 2344 de
1445 2325 1488 2345 eo

164 2357 202 2384 16
226 2355 304 2384 mihi
318 2356 429 2385 crede.
446 2356 474 2386 si
487 2356 580 2394 leges
602 2355 697 2389 haec,
718 2356 833 2386 dices:
870 2356 1033 2386 mirabilis
1053 2358 1131 2387 coni.
1156 2357 1261 2387 Boot:
1285 2357 1365 2387 mihi
1385 2358 1486 2388 crede

159 2397 252 2436 leges
277 2398 370 2429 haec.
411 2399 641 2429 Dicaearchus
658 2398 819 2429 mirabilis
835 2399 1022 2430 Duenlzer:
1051 2399 1133 2430 mihi
1152 2401 1253 2431 crede
1269 2401 1387 2440 legens
1404 2401 1486 2431 haec

159 2441 303 2472 doceor:
332 2442 494 2472 mirabilis
518 2441 619 2472 Reid:
644 2443 784 2472 alz't'alt'a
908 2453 949 2473 20
975 2442 1052 2473 lolio
1072 2443 1093 2473 I
1117 2443 1285 2474 Corradus
1309 2443 1395 2474 Reid
1416 2444 1482 2475 coll.

158 2484 246 2516 Plin.
267 2485 312 2515 H.
333 2485 375 2516 N.
394 2485 474 2516 xxii.
498 2487 578 2515 160:
608 2485 713 2515 Lollio
731 2486 819 2516 codd.
956 2497 993 2516 21
1020 2487 1118 2517 Vinio
1136 2487 1219 2517 Pius
