1773 2651
109 915 147 937 10

110 1241 145 1272 τε

111 1621 150 1643 20

113 1948 151 1979 25

571 145 682 181 EPP.
717 145 794 181 AD
825 145 1082 183 ATTICVM
1438 146 1504 182 IV.
1524 145 1568 181 xi

166 263 299 294 metuo
315 263 446 294 tamen
468 269 517 293 ne
533 254 630 292 mihi
652 268 780 293 sermo
796 254 908 293 desit.
964 254 1073 293 †Abs
1091 262 1128 293 te
1150 261 1292 305 operet
1314 257 1497 294 delector.

165 322 227 358 Tu
250 319 423 358 Lucceio
444 327 622 358 nostrum
649 319 791 357 librum
814 319 938 357 dabis.
1001 319 1178 358 Demetri
1208 319 1405 369 Magnetis
1430 319 1501 358 tibi

166 384 290 431 mitto,
315 385 444 423 statim
467 392 508 422 ut
529 383 577 422 sit
599 383 666 433 qui
687 398 710 421 a
731 392 769 422 te
791 384 886 421 mihi
908 384 1116 434 epistulam
1138 385 1285 422 referat.

209 484 300 519 XII
603 487 672 518 Ser.
694 499 736 518 ιιι.
760 488 839 518 Μαί.
859 499 889 518 (ι,
909 489 972 528 699
990 488 1071 527 (js.

588 564 763 595 CICERO
789 564 961 595 ATTICO
988 564 1083 596 SAL.

222 642 411 692 Egnatius
443 644 597 680 Romae
627 650 696 680 est.
757 643 835 680 Sed
865 656 938 691 ego
969 655 1059 680 cum
1088 655 1136 680 eo
1163 643 1213 681 de
1240 656 1280 680 re
1310 642 1503 681 Halimeti

166 709 421 745 vehementer
456 706 551 744 Anti
587 706 656 757 egi.
719 706 896 745 Graviter
929 720 969 745 se
999 714 1179 744 acturum
1214 720 1304 745 cum
1340 707 1504 756 Aquilio

166 771 421 810 confirmavit.
482 771 649 810 Videbis
689 785 780 821 ergo
823 771 1027 809 hominem
1070 771 1101 809 si
1140 773 1258 810 voles.
1319 771 1502 810 Macroni

166 837 227 874 vix
247 837 383 875 videor
402 844 558 886 praesto
579 850 664 874 esse
676 843 810 885 posse;
841 836 980 874 Idibus
1001 835 1107 874 enim
1124 835 1349 874 auctionem
1372 835 1503 874 Larini

166 901 282 940 video
314 909 352 939 et
386 901 553 940 biduum
588 909 799 951 praeterea.
860 902 908 938 Id
948 908 1000 947 tu,
1038 900 1227 950 quoniam
1270 902 1502 939 Macronem

167 967 263 1006 tanti
286 966 392 1013 facis,
417 966 597 1016 ignoscas
620 965 716 1004 mihi
737 965 866 1004 velim.
913 966 991 1004 Sed
1014 965 1044 1003 si
1067 979 1130 1004 me
1151 965 1291 1015 diligis,
1315 965 1505 1015 postridie

169 1034 256 1070 Kal.
281 1045 379 1070 cena
399 1032 507 1081 apud
528 1045 591 1069 me
613 1045 703 1069 curn
726 1030 834 1068 Pilia.
886 1032 1048 1068 Prorsus
1070 1029 1109 1068 id
1132 1030 1260 1068 facies.
1310 1030 1503 1069 Kalendis

167 1098 297 1148 cogito
313 1097 352 1135 in
370 1097 492 1136 hortis
507 1096 752 1146 Crassipedis
769 1096 879 1146 quasi
901 1095 939 1133 in
956 1095 1180 1134 deversorio
1197 1109 1346 1133 cenare.
1385 1095 1504 1134 Facio

168 1164 346 1202 fraudem
377 1169 535 1200 senatus
566 1163 757 1200 consulto.
819 1161 921 1198 Inde
950 1161 1116 1198 domum
1151 1168 1324 1206 cenatuS‚
1356 1168 1398 1198 ut
1430 1160 1503 1198 sim

170 1242 285 1266 mane
306 1235 461 1278 praesto
493 1226 646 1265 Miloni.
709 1225 770 1264 Ibi
801 1233 838 1264 te
866 1224 980 1275 igitur
1003 1224 1149 1263 videbo
1179 1232 1216 1263 et
1246 1225 1500 1275 permanebo.

173 1296 326 1332 Domus
348 1301 385 1331 te
406 1300 538 1330 nostra
559 1299 642 1330 tota
662 1292 814 1329 salutat.

211 1393 327 1429 XIII
375 1395 443 1427 Scr.
467 1396 499 1425 in
524 1395 711 1426 Tusculano
730 1405 773 1425 m.
794 1394 873 1425 Nov.
887 1397 963 1434 post
976 1394 1047 1424 xvii
1059 1394 1102 1424 K.
1123 1392 1197 1424 Dec.
1220 1404 1250 1425 a.
1272 1394 1334 1435 699
1354 1394 1438 1434 (Π).

591 1465 767 1496 CICERO
792 1464 964 1495 ATTICO
991 1464 1088 1494 SAL.

224 1541 308 1578 Nos
330 1540 369 1577 in
391 1541 664 1577 Tusculanum
687 1538 839 1576 venisse
860 1551 892 1575 a.
916 1538 953 1574 d.
978 1549 1066 1573 xvu
1097 1537 1184 1574 Kal.
1212 1538 1306 1574 Dec.
1331 1537 1447 1575 video
1468 1544 1505 1575 te

171 1605 277 1644 scire.
340 1605 403 1643 Ibi
426 1604 640 1654 Dionysius
663 1603 778 1641 nobis
796 1610 950 1652 praesto
972 1601 1053 1639 fuit.
1115 1603 1268 1640 Romae
1292 1616 1324 1639 a.
1349 1602 1384 1640 d.
1409 1614 1503 1639 X1111

173 1673 259 1709 Kal.
276 1673 459 1709 volumus
480 1683 575 1708 esse.
624 1668 733 1718 Quid
754 1668 845 1706 dico
870 1669 1074 1706 ‘volumus
1088 1668 1125 1705 '?
1155 1666 1276 1705 immo
1293 1681 1384 1705 vero
1405 1667 1506 1717 cogi-

171 1751 266 1775 mur.
327 1735 490 1774 Milonis
512 1734 682 1784 nuptiae.
743 1733 1006 1773 Comitiorum
1034 1746 1115 1771 non
1145 1734 1252 1770 nulla
1272 1732 1407 1782 opinio
1434 1740 1502 1771 est.

171 1805 266 1853 Ego,
290 1811 332 1841 ut
353 1803 401 1841 sit
422 1810 514 1849 rata,
536 1801 680 1840 afuisse
702 1814 764 1838 me
786 1800 825 1837 in
846 1798 1167 1838 altercationibus
1188 1812 1285 1848 quas
1306 1798 1345 1836 in
1367 1806 1505 1837 senatu

171 1869 291 1906 factas
311 1868 432 1906 audio
454 1869 535 1906 fero
556 1880 637 1904 non
659 1867 834 1904 moleste.
896 1866 999 1902 Nam
1020 1871 1087 1902 aut
1108 1863 1374 1902 defendissem
1396 1865 1504 1913 quod

173 1947 253 1971 non
287 1934 458 1982 placeret
492 1939 558 1969 aut
590 1930 802 1969 defuissem
833 1929 895 1967 cui
930 1942 1011 1966 non
1046 1936 1253 1978 oporteret.
1324 1929 1402 1966 Sed
1442 1941 1505 1966 me

173 1999 330 2037 hercule
350 1997 467 2036 velim
489 2010 547 2035 res
569 1996 661 2034 istas
683 2004 719 2034 et
745 2002 991 2045 praesentem
1020 2001 1164 2031 statum
1187 1993 1240 2031 rei
1264 1992 1446 2043 publicae
1466 2000 1505 2031 et

172 2077 251 2112 quo
285 2062 420 2100 animo
454 2062 636 2100 consules
668 2061 793 2098 ferant
826 2060 933 2096 hunc
968 2059 1139 2103 σκυλμὸιν
1172 2057 1318 2096 scribas
1352 2058 1402 2095 ad
1442 2071 1504 2095 me

220 2178 231 2196 ῐ
259 2167 330 2196 Abs
348 2171 381 2196 te
398 2165 518 2205 opere*
533 2164 719 2195 Aristotele
738 2174 860 2201 magno
871 2173 976 2201 opere
987 2163 1067 2192 coni.
1079 2161 1197 2192 Orelli:
1222 2161 1406 2192 Aristotele
1424 2160 1502 2191 σοιτί.

179 2209 385 2249 Wesenbcaeg:
411 2210 457 2239 ita
487 2210 529 2238 ab
548 2209 610 2238 isto
624 2217 726 2246 puero
750 2206 912 2245 Affadvtg:
937 2207 997 2236 abs
1014 2211 1047 2235 te
1065 2205 1206 2244 opipare
1233 2205 1351 2235 Zz'elzeu
1484 2215 1504 2234 2

172 2255 222 2284 Tu
241 2254 328 2293 vulg.
348 2264 353 2282 :
381 2258 416 2283 ut
434 2253 475 2281 M
606 2262 621 2290 7
648 2251 730 2280 Anti
761 2257 765 2273 1'
777 2250 826 2280 vel
849 2250 957 2279 Antii*
986 2249 1067 2280 Ant.
1090 2246 1180 2279 FH:
1213 2254 1292 2279 ante
1310 2249 1349 2278 M
1482 2259 1504 2286 9

173 2301 308 2336 praesto
333 2307 410 2326 esse
439 2306 540 2335 posse
566 2294 685 2324 Lamb.
712 2292 809 2323 codex
831 2303 920 2323 unus
938 2291 1165 2331 Malaspinae:
1190 2303 1255 2322 0111.
1283 2302 1385 2330 posse
1409 2291 1498 2321 codd.

175 2341 290 2371 Idibus
308 2337 347 2368 Zl
361 2338 478 2369 codices
493 2338 575 2368 Bosi
588 2336 727 2366 JVOPI:
752 2347 816 2367 om.
839 2341 869 2366 Δ
972 2345 1009 2374 15
1035 2335 1238 2374 permanebo
1259 2335 1380 2366 Gurlz'tl
1396 2346 1402 2365 :
1427 2345 1503 2373 pro-

174 2383 316 2414 monebo
335 2381 421 2413 codd.
440 2394 447 2412 ι
472 2381 679 2420 promovebo
696 2380 844 2419 Kayser:
882 2379 1010 2409 Romae
1031 2379 1173 2409 manebo
1191 2379 1269 2409 coni.
1292 2378 1376 2408 Reid
1463 2388 1504 2417 23

176 2428 258 2465 Ego,
286 2432 320 2456 ut
345 2427 387 2456 sit
414 2430 485 2455 rata
514 2425 602 2455 Crat.
632 2423 771 2453 Rosius:
807 2433 890 2461 ergo
919 2428 952 2452 et
980 2423 1009 2452 si
1040 2422 1123 2452 irata
1141 2421 1182 2451 M
1312 2431 1351 2460 27
1377 2422 1504 2452 scribas

177 2470 320 2501 CNOP:
340 2469 506 2500 rescribas
524 2473 550 2498 Δ
