1773 2651
178 881 217 903 10

175 1535 214 1557 20

634 171 745 207 EPP.
779 171 856 207 AD
888 170 1147 207 ATTICVM
1452 170 1569 206 VIII.
1588 169 1633 206 vi

238 281 278 319 in
319 282 571 320 Formianum
610 282 716 320 venit
749 283 800 320 ad
842 283 908 319 Μ’.
942 281 1140 331 Lepidum
1178 280 1351 318 vicinum
1391 287 1568 318 nostrum

237 347 379 396 quoius
400 356 583 397 quaestor
602 347 684 385 fuit.
746 346 910 397 Pompei
931 346 1145 384 litterarum
1167 347 1217 384 ad
1240 347 1421 383 consules
1443 359 1569 384 exem-

237 413 346 461 plum
367 412 494 450 attulit
512 427 518 449 :

294 477 489 515 ‘Litterae
521 477 616 515 mihi
651 492 673 515 a
706 479 747 515 L.
780 477 958 515 Domitio
993 491 1025 514 a.
1064 477 1100 514 d.
1138 488 1215 513 xm
1252 476 1420 513 Kalend.
1452 477 1566 512 Mart.
1590 488 1615 515 2

236 543 390 580 adlatae
424 550 524 580 sunt.
591 545 736 581 Earum
771 544 995 592 exemplum
1031 542 1129 579 infra
1164 540 1309 590 scripsi.
1375 542 1492 578 Nunc
1527 547 1570 578 ut

237 620 310 656 ego
340 620 420 644 non
450 607 629 655 scribam,
656 616 722 645 tua
751 615 892 657 sponte
922 615 959 645 te
986 606 1209 656 intellegere
1239 605 1320 643 scio
1350 604 1486 654 quanti
1515 603 1569 641 rei

237 671 419 722 publicae
440 672 589 711 intersit
610 672 738 711 omnis
759 672 892 722 copias
913 672 952 709 in
974 685 1097 710 unum
1118 672 1249 709 locum
1266 670 1393 719 primo
1410 683 1569 719 quoque

237 744 414 786 tempore
453 738 673 776 convenire.
732 739 806 783 Tu,
843 737 874 775 si
913 736 984 775 tibi
1017 735 1224 782 videbitur,
1257 735 1370 773 dabis
1409 748 1567 784 operam

237 809 278 838 ut
301 815 420 851 quarn
451 802 620 852 primum
647 803 698 841 ad
726 815 798 840 nos
825 801 971 849 venias,
995 800 1163 851 praesidi
1191 801 1351 850 Capuae
1376 807 1567 849 quantum

237 867 486 906 constitueris
506 867 598 906 satis
619 881 703 906 esse
724 867 944 917 relinquas.'

293 932 449 971 Deinde
479 933 684 983 supposuit
708 934 931 982 exemplum
959 932 1149 982 epistulae
1175 931 1326 970 Domiti
1357 932 1465 981 quod
1495 944 1567 981 ego
1588 941 1611 978 3

235 998 287 1035 ad
311 1005 349 1035 te
375 997 500 1048 pridie
530 997 721 1036 miseram.
783 996 835 1035 Di
862 997 1112 1043 immortales,
1136 996 1204 1046 qui
1233 1010 1296 1034 me
1326 997 1460 1034 horror
1487 1009 1568 1045 per-

236 1061 361 1099 fudit!
402 1076 520 1112 quam
560 1076 647 1100 sum
686 1061 873 1100 sollicitus
908 1061 1098 1111 quidnam
1139 1063 1312 1099 futurum
1351 1060 1423 1098 sit!
1473 1062 1566 1098 Hoc

237 1134 369 1164 tamen
397 1140 521 1177 spero,
546 1141 731 1177 magnum
759 1140 905 1164 nornen
932 1125 1174 1176 imperatoris
1200 1127 1294 1171 fore,
1315 1138 1501 1174 magnum
1526 1125 1566 1162 in

236 1192 408 1230 adventu
431 1200 626 1231 terrorem.
686 1193 808 1241 Spero
829 1191 958 1237 etiam,
975 1190 1161 1241 quoniam
1183 1191 1314 1228 adhuc
1335 1189 1431 1227 nihil
1452 1190 1566 1228 nobis

237 1257 362 1295 obfuit
393 1258 526 1297 †nihil
556 1266 744 1295 mutasset
775 1256 1020 1306 neglegentia
1051 1257 1127 1294 hoc
1158 1256 1267 1305 quod
1297 1268 1386 1293 cum
1418 1255 1567 1293 fortiter

235 1330 274 1360 et
298 1322 504 1372 diligenter
530 1331 613 1361 tum
644 1322 762 1361 etiam
790 1336 852 1360 me
880 1323 1037 1360 hercule
1053 1326 1083 1359 †.
1146 1321 1273 1359 Modo
1299 1320 1405 1358 enim
1432 1320 1563 1358 audivi
1582 1329 1608 1366 4

235 1396 466 1437 quartanam
496 1402 519 1426 a
544 1396 582 1426 te
612 1387 846 1426 discessisse.
914 1386 1061 1425 Moriar
1085 1385 1115 1424 si
1144 1385 1265 1435 magis
1292 1387 1502 1434 gauderem
1534 1385 1564 1423 si

235 1451 275 1490 id
297 1452 391 1490 mihi
412 1452 629 1491 accidisset.
686 1451 806 1489 Piliae
827 1451 891 1490 dic
912 1465 992 1489 non
1013 1464 1098 1488 esse
1117 1463 1289 1499 aequum
1310 1463 1397 1488 eam
1418 1449 1564 1488 diutius

234 1517 379 1555 habere
409 1530 482 1555 nec
512 1517 552 1555 id
580 1530 664 1555 esse
690 1524 839 1554 vestrae
868 1514 1114 1553 concordiae.
1174 1514 1361 1552 Tironem
1387 1521 1562 1552 nostrum
1583 1521 1608 1559 5

233 1582 284 1619 ab
311 1583 431 1619 altera
457 1581 634 1619 relictum
660 1581 790 1619 audio.
850 1581 928 1618 Sed
958 1593 1048 1618 eum
1073 1579 1188 1616 video
1218 1578 1257 1616 in
1287 1586 1488 1628 sumptum
1512 1579 1562 1616 ab

233 1646 317 1684 aliis
345 1654 566 1685 mutuatum
581 1661 592 1694 3
621 1660 694 1696 ego
717 1654 849 1684 autem
875 1645 1038 1684 Curium
1069 1651 1246 1682 nostrum
1276 1643 1307 1682 si
1337 1643 1433 1693 quid
1463 1657 1562 1694 opus

233 1720 335 1750 esset
369 1726 555 1762 rogaram.
622 1713 731 1750 Malo
754 1710 911 1749 Tironis
946 1709 1222 1749 verecundiam
1254 1708 1293 1746 in
1328 1710 1443 1759 culpa
1477 1722 1562 1748 esse

233 1791 352 1827 quam
373 1776 687 1815 inliberalitatem
709 1775 813 1816 Curi.

277 1892 295 1918 4
322 1890 385 1910 xm
413 1879 587 1912 Corradus,
617 1880 652 1918 qs.
686 1889 764 1909 111).
796 1889 835 1918 3:
870 1889 936 1909 vm
965 1878 1004 1909 M
1155 1879 1176 1908 6
1200 1877 1342 1908 scribam
1377 1877 1561 1909 Corradus:

233 1924 380 1954 sciebam
408 1923 449 1952 M
603 1934 624 1962 9
659 1927 695 1952 ut
718 1921 771 1952 §L
793 1924 930 1963 (marg.)
952 1922 1037 1953 Crat.
1055 1934 1061 1954 :
1091 1932 1156 1954 om.
1176 1927 1204 1952 Δ
1381 1932 1418 1951 10
1436 1922 1561 1951 consti-

234 1967 396 1998 tuerisl:
431 1967 677 1997 constitueritis
704 1967 743 1995 M
972 1976 1008 2004 14
1036 1976 1160 1996 nomen
1187 1965 1400 2004 imperatoris
1414 1965 1495 2003 sort.
1526 1968 1563 1994 ut

227 2011 395 2051 glossema
412 2014 458 2040 est
473 2010 645 2040 delendum
663 2014 690 2039 et
705 2009 878 2049 legendum
897 2009 1057 2048 Magnum
1070 2013 1147 2049 post
1162 2019 1265 2048 spero
1453 2010 1501 2045 16,
1522 2018 1560 2047 17

234 2055 319 2084 nihil
344 2077 353 2086 .
384 2079 391 2085 .
422 2079 429 2085 .
462 2063 514 2083 me
543 2053 696 2085 herculel
723 2052 774 2082 De
797 2054 855 2082 hoc
878 2053 943 2082 loco
970 2053 1054 2082 m'ln'l
1077 2051 1172 2082 aliud
1194 2051 1364 2082 dicendum
1391 2054 1436 2080 est
1457 2061 1560 2090 quam

231 2098 325 2127 latere
351 2097 511 2128 timiditas
537 2097 599 2133 (vel
623 2096 757 2133 levitas)
784 2099 812 2125 et
837 2096 1064 2134 neglegentia.
1129 2095 1220 2125 Talia
1252 2094 1397 2133 Bootius,
1433 2098 1470 2123 ul
1498 2095 1563 2134 ipse

231 2140 314 2173 dicit,
334 2140 519 2170 lzarz'olatur
534 2140 642 2179 Spero
660 2140 770 2177 etiam,
785 2139 943 2178 quoniam
962 2138 1043 2168 nihil
1068 2138 1164 2168 nobis
1181 2139 1286 2168 obfuit
1304 2139 1368 2168 nisi
1388 2138 1509 2168 levitas
1525 2143 1559 2168 et

232 2184 459 2223 neglegentia,
476 2184 540 2213 hoc
552 2183 641 2221 quod
659 2193 748 2213 nunc
765 2182 801 2213 fit
818 2182 949 2213 fortiter
961 2186 996 2213 et
1012 2181 1195 2220 diligenter
1210 2186 1339 2220 gestum
1359 2181 1407 2212 iri.
1450 2181 1557 2211 Etiam

232 2237 285 2258 me
305 2227 440 2258 hercule
458 2227 600 2266 gaudeo.
