1773 2651
560 167 670 203 EPP.
703 167 781 203 AD
813 167 1071 205 ATTICVM
1426 169 1496 205 VI.
1519 169 1564 206 iii

226 277 339 314 Haec
371 283 484 324 suntg
532 275 649 314 etiam
689 276 796 314 illud.
867 276 1097 315 Orationem
1130 279 1178 326 Q.
1217 278 1364 317 Celeris
1404 278 1499 316 mihi
1519 290 1564 318 10

169 340 286 379 velim
321 341 451 379 mittas
483 348 619 379 contra
654 343 709 379 M.
747 341 963 380 Servilium.
1025 342 1190 381 Litteras
1231 343 1340 381 mitte
1379 357 1497 394 quam

169 406 364 456 primum3
411 406 442 444 si
481 406 588 453 nihil,
626 407 731 444 nilzil
764 406 845 445 fieri
879 409 939 446 vel
978 421 1047 457 per
1085 415 1196 446 tuum
1237 409 1493 448 tabellarium.

170 471 289 509 Piliae
319 479 356 510 et
387 471 488 510 filiae
518 473 694 510 salutem.
755 474 860 512 Cura
890 480 931 510 ut
961 474 1098 511 valeas.

129 598 147 630 5
210 590 276 624 IV
399 593 466 625 Sur.
487 595 520 625 in
538 595 646 624 itinere
655 594 760 635 paulo
771 598 846 636 post
860 595 947 626 Non.
966 595 1041 627 Iun.
1060 607 1090 628 a.
1115 607 1174 636 7⁰4
1195 598 1273 637 (50),

579 682 755 713 CICERO
780 682 952 714 ATTICO
979 682 1074 714 SAL.

217 772 383 809 Tarsum
401 770 580 809 venimus
602 770 729 808 Nonis
758 770 891 809 Iuniis.
953 771 1015 809 Ibi
1037 786 1099 810 me
1125 774 1247 811 multa
1271 781 1488 821 moverunt,
1511 785 1528 812 1

163 850 349 887 magnum
370 836 410 874 in
440 836 547 886 Syria
578 836 735 882 bellum,
760 850 901 887 magna
921 836 960 874 in
992 837 1129 876 Cilicia
1159 838 1370 885 latrocinia,
1394 839 1490 877 mihi

161 902 329 941 difficilis
364 902 461 940 ratio
499 901 810 948 administrandi,
845 903 953 952 quod
992 916 1139 952 paucos
1177 903 1261 941 dies
1293 905 1489 943 habebam

104 983 143 1006 10
162 966 332 1017 reliquos
370 966 491 1004 annui
531 966 713 1013 muneris,
750 966 845 1006 illud
884 975 1016 1005 autem
1056 967 1342 1015 difficillimum,
1380 969 1490 1008 relin-

161 1033 342 1082 quendus
382 1040 462 1069 erat
496 1045 542 1069 ex
581 1039 738 1069 senatus
777 1033 959 1070 consulto
998 1032 1065 1082 qui
1103 1041 1309 1082 praeesset.
1380 1034 1488 1072 Nihil

160 1096 289 1135 minus
311 1096 465 1147 probari
493 1104 644 1145 poterat
666 1110 784 1146 quam
806 1104 991 1146 quaestor
1022 1098 1248 1136 Mescinius.
1309 1100 1413 1137 Nam
1438 1101 1488 1138 de

159 1162 298 1201 Coelio
329 1161 425 1199 nihil
454 1160 724 1199 audiebamus.
786 1161 1066 1200 Rectissimum
1096 1162 1302 1201 videbatur
1331 1166 1486 1202 fratrem

158 1241 248 1265 cum
276 1227 441 1277 imperio
471 1226 714 1276 relinquere3
753 1226 792 1264 in
823 1240 903 1277 quo
933 1229 1055 1265 multa
1085 1229 1260 1275 molesta,
1290 1228 1485 1267 discessus

101 1308 136 1340 15
157 1300 299 1339 noster,
322 1291 415 1330 belli
445 1291 672 1342 periculum,
704 1291 871 1330 militurn
902 1291 1144 1343 improbitas,
1173 1302 1350 1332 sescenta
1380 1309 1485 1344 prae-

156 1366 270 1396 terea.
330 1358 366 1396 O
392 1371 472 1395 rem
504 1364 626 1394 totam
657 1357 861 1396 odiosam!
919 1359 996 1397 Sed
1025 1359 1121 1397 haec
1150 1360 1304 1397 fortuna
1331 1359 1480 1407 viderit,

154 1422 343 1472 quoniam
365 1421 530 1460 consilio
553 1435 633 1459 non
655 1423 822 1460 multum
844 1422 899 1460 uti
921 1422 1021 1461 licet.

207 1490 270 1526 Tu
298 1488 459 1537 quando
491 1489 663 1525 Romam
694 1489 822 1525 salvus
852 1495 894 1525 ut
923 1501 1037 1537 spero
1067 1488 1218 1535 venisti,
1245 1488 1410 1537 videbis,
1440 1498 1481 1528 ut
1501 1499 1525 1526 2

153 1554 268 1601 soles,
296 1553 429 1592 omnia
459 1566 559 1602 quae
589 1552 789 1601 intelleges
820 1560 952 1590 nostra
981 1552 1178 1599 interesse,
1210 1553 1400 1603 imprimis
1431 1556 1480 1593 de

93 1636 133 1657 20
151 1619 282 1657 Tullia
303 1632 403 1665 mea,
424 1618 534 1656 cuius
562 1618 612 1655 de
639 1617 874 1656 condicione
905 1617 999 1667 quid
1022 1618 1116 1656 mihi
1145 1620 1314 1668 placeret
1344 1619 1478 1669 scripsi

149 1685 200 1722 ad
222 1683 448 1722 Terentiam
479 1696 569 1720 cum
598 1690 639 1720 tu
671 1681 709 1719 in
732 1681 896 1720 Graecia
923 1695 1052 1729 esses;
1082 1682 1226 1721 deinde
1252 1684 1301 1721 de
1329 1684 1478 1722 honore

150 1756 294 1787 nostro.
356 1749 477 1797 Quod
509 1747 615 1786 enim
651 1754 692 1784 tu
723 1746 867 1795 afuisti,
898 1761 1033 1786 vereor
1066 1755 1108 1786 ut
1147 1748 1238 1786 satis
1273 1748 1479 1799 diligenter

148 1822 280 1853 actum
310 1814 349 1852 in
380 1821 517 1852 senatu
548 1812 596 1850 sit
626 1813 676 1851 de
706 1811 841 1850 litteris
872 1812 979 1850 meis.

203 1880 308 1917 Illud
339 1886 538 1929 praeterea
566 1878 839 1928 μυστικώτερον
867 1878 918 1915 ad
948 1884 985 1915 te
1015 1877 1194 1925 scribam,
1227 1885 1267 1917 tu
1300 1879 1475 1929 sagacius
1496 1889 1520 1925 3

90 1960 127 1992 25
147 1944 372 1982 odorabere.
433 1946 506 1992 Τῆς
533 1943 716 1993 δάμαρτός
735 1961 806 1992 μου
833 1944 852 1980 ὁ
878 1943 1122 1992 ἀπελεύθερος
1143 1943 1271 1994 (οἶσθα
1296 1944 1337 1983 ὃν
1360 1944 1474 1997 λέγω)

147 2009 249 2056 ἔδοξέ
266 2027 329 2059 μοι
348 2010 484 2059 πρώην,
504 2010 544 2055 ἐξ
563 2009 611 2047 ὧν
631 2009 900 2060 ἀλογευόμενος
919 2009 1212 2060 παρεφθέγγετο,
1226 2011 1475 2059 πεφυρακέναι

145 2077 208 2115 τὰς
228 2076 377 2125 ψήφους
405 2078 445 2113 ἐκ
464 2077 528 2123 τῆς
557 2076 648 2124 ὠνῆς
667 2077 739 2113 τῶν
766 2075 1006 2126 ὑπαρχόντων
1031 2078 1103 2113 τῶν
1124 2078 1189 2113 τοῦ
1218 2077 1474 2125 Κροτωνιάτου

144 2142 440 2190 τυραννοκτόνου.
499 2141 657 2179 Δέδοικα
682 2140 726 2189 δὴ
755 2141 807 2190 μή
826 2158 861 2179 τι
882 2141 1055 2191 ῒνοήσῃς.
1114 2140 1207 2181 Εἷςῒ
1229 2141 1346 2191 δήπου
1365 2145 1473 2180 τοῦτο

145 2206 188 2254 δὴ
208 2207 524 2256 περισκεψάμενος
543 2208 588 2244 τὸ.
611 2207 725 2244 λοιπὰ
746 2207 1013 2254 ἐξασφάλισαι.
1070 2206 1162 2243 Non
1191 2219 1294 2256 queo
1319 2213 1470 2244 tantum

185 2321 205 2350 3
232 2311 312 2341 nihil
340 2311 415 2342 add.
444 2312 568 2341 Rosius
744 2322 759 2350 7
786 2312 940 2342 venimus
967 2311 1017 2341 Ml
1029 2310 1090 2342 W:
1124 2312 1202 2342 veni
1232 2312 1313 2342 CM2
1349 2313 1466 2344 Lamb.

146 2365 185 2384 10
210 2355 354 2393 reliquos
384 2355 445 2384 W:
470 2355 603 2394 aliquos
627 2353 668 2384 M
801 2366 834 2385 11
861 2355 921 2396 ex]
947 2355 997 2386 lzt'c
1012 2355 1127 2385 desinit
1146 2354 1191 2384 W
1312 2358 1349 2386 16
1372 2357 1437 2387 hoc
1453 2357 1474 2386 I

142 2408 182 2436 27
208 2398 348 2428 alterum
367 2398 429 2427 τῶν
446 2398 520 2429 add.
546 2397 734 2439 lVesenbetg
844 2400 885 2430 28
909 2398 953 2438 μή
970 2411 999 2430 τι
1018 2399 1053 2429 οὐ
1078 2397 1201 2439 νοήσῃς,
1260 2398 1293 2429 ἓν
1324 2399 1443 2430 Lamb.
1463 2412 1470 2431 z

141 2441 185 2480 μή
201 2453 230 2471 τι
247 2440 360 2481 νοήσῃ.
408 2442 448 2472 εἰς
472 2441 647 2473 Lehmann

184 2495 247 2516 cxc.
268 2495 315 2515 AD
331 2495 402 2515 Αττ.
1342 2487 1382 2518 13
