1773 2651
223 186 292 223 VI.
312 185 357 221 iv
674 186 729 222 M,
762 185 929 222 TVLLI
961 185 1267 224 CICERONIS

306 303 498 346 quantum
520 309 654 334 vereor
674 294 867 341 scribere3
897 302 938 332 tu
959 302 1091 333 autem
1112 296 1172 333 fac
1193 303 1235 333 ut
1263 295 1358 333 mihi
1379 303 1468 334 tuae
1489 296 1637 335 litterae

305 362 439 399 volent
478 360 628 399 obviae.
707 362 822 398 Haec
861 359 1049 398 festinans
1089 360 1223 410 scripsi
1262 360 1301 398 in
1341 360 1477 399 itinere
1518 369 1636 411 atque

305 425 471 475 agmine.
532 424 654 463 Piliae
688 431 726 462 et
764 425 918 474 puellae
959 423 1155 463 Caeciliae
1194 424 1431 463 bellissimae
1469 427 1634 464 salutem

303 490 422 530 dices.

389 598 431 633 V
609 600 679 633 δαν.
697 601 730 631 in
748 601 861 631 castn's
876 611 895 631 v
911 601 953 631 K.
977 601 1087 640 Quint.
1107 611 1135 632 α.
1160 611 1219 641 704
1240 602 1318 642 (50).
1656 607 1673 638 5

719 690 894 721 CICERO
919 690 1091 721 ATTICO
1118 690 1216 721 SAL.

266 785 283 812 1
358 775 477 813 Nunc
506 773 667 824 quidem
699 774 875 823 profecto
908 775 1061 811 Romae
1093 787 1144 811 es.
1206 775 1298 822 Quo
1331 782 1377 820 te,
1415 774 1446 812 si
1481 773 1532 812 ita
1562 782 1631 822 est,

302 840 453 877 salvum
485 839 638 877 venisse
668 839 847 888 gaude03
891 839 997 876 unde
1036 838 1197 888 quidem
1230 852 1348 888 quam
1384 838 1451 877 diu
1490 839 1630 886 amisti,

302 904 423 954 magis
454 917 477 942 a
512 917 574 942 me
603 904 742 941 abesse
771 903 955 942 videbare
985 917 1102 953 quam
1134 903 1165 941 si
1195 903 1304 941 domi
1334 917 1462 950 esses3
1503 903 1631 941 minus

300 968 405 1006 enim
438 968 534 1006 mihi
567 982 677 1007 meae
712 976 829 1006 notae
861 982 920 1006 res
954 976 1077 1014 erant,
1112 968 1241 1006 minus
1280 967 1397 1006 etiam
1436 967 1627 1017 publicae.
1654 983 1693 1005 10

301 1034 391 1081 Qua
418 1047 457 1071 re
478 1032 605 1080 velim,
629 1032 700 1072 etsi
728 1040 770 1070 ut
791 1046 905 1082 spero
933 1040 970 1070 te
991 1034 1088 1071 haec
1110 1034 1263 1082 legente
1287 1032 1531 1082 aliquantum
1553 1032 1630 1070 iam

297 1097 382 1136 viae
404 1111 640 1148 processero,
658 1106 788 1136 tamen
806 1097 942 1136 obvias
959 1097 1054 1135 mihi
1070 1097 1216 1136 litteras
1232 1111 1350 1148 quam
1366 1097 1630 1148 argutissimas

297 1163 347 1201 de
369 1162 554 1201 omnibus
575 1163 690 1201 rebus
718 1163 856 1201 crebro
877 1162 1018 1210 mittas,
1041 1162 1231 1212 imprimis
1253 1163 1303 1201 de
1323 1176 1403 1212 quo
1424 1162 1559 1213 scripsi
1578 1164 1630 1201 ad

297 1234 335 1266 te
355 1235 479 1266 antea.
540 1231 612 1277 Τῆς
633 1230 810 1278 ξυναόρου
836 1230 900 1277 τῆς
928 1231 1016 1278 ἐμῆς
1043 1229 1299 1279 οὑξελεύθερος
1323 1228 1424 1274 ἔδοξέ
1441 1246 1504 1278 μοι
1531 1228 1630 1278 θαμὰ

294 1295 528 1343 βατταρίζων
557 1295 615 1332 καὶ
635 1296 758 1333 ἀλύων
788 1298 825 1332 ἐν
850 1297 926 1335 τοῖς
953 1296 1152 1347 ξυλλόγοις
1181 1296 1240 1333 καὶ
1267 1298 1346 1335 ταῖς
1374 1295 1530 1346 λέσχαις
1559 1295 1630 1332 ὑπό
1656 1311 1688 1342 15

295 1377 330 1398 τι
361 1362 609 1410 πεφυρακέναι
632 1363 696 1402 τὰς
727 1362 876 1411 ψήφους
905 1364 943 1400 ἐν
971 1363 1046 1401 τοῖς
1074 1362 1306 1411 ὑπάρχουσιν
1334 1363 1409 1401 τοῖς
1437 1363 1501 1399 τοῦ
1532 1363 1630 1410 Κρο-

253 1426 482 1468 2τωνιάτου.
544 1428 636 1464 Hoc
675 1433 716 1463 tu
756 1425 907 1475 indaga,
950 1432 991 1461 ut
1030 1425 1141 1468 soles,
1180 1431 1216 1461 et
1256 1425 1332 1461 hoc
1372 1424 1505 1474 magis.
1563 1425 1632 1472 Ἐξ

297 1492 429 1531 ἄστεος
458 1491 675 1539 ἑπταλόφου
704 1490 863 1540 στείχων
890 1489 1098 1538 παρέδωκεν
1125 1492 1226 1539 μνῶν
1255 1489 1317 1534 κδ’,
1346 1491 1411 1539 μη’
1438 1490 1628 1540 ὀφείλημα

295 1560 346 1607 τῷ
376 1557 575 1608 Καμίλλῳ,
598 1556 725 1594 ἑαυτόν
753 1572 792 1593 τε
822 1555 1025 1604 ὀφείλοντα
1052 1558 1145 1605 μνᾶς
1174 1554 1226 1593 κδ’
1253 1557 1291 1592 ἐκ
1319 1558 1392 1593 τῶν
1419 1559 1627 1605 Κροτωνια-

295 1625 403 1660 τικῶν
434 1623 493 1660 καὶ
523 1625 563 1660 ἐκ
593 1624 664 1660 τῶν
692 1624 1012 1670 Χερρονησιτικῶν
1038 1619 1101 1670 μη’
1130 1621 1189 1658 καὶ
1219 1624 1312 1670 μνᾶς
1346 1624 1626 1671 κληρονομῆσαι
1648 1637 1686 1658 20

293 1687 368 1739 χμ’,
389 1687 465 1739 χμ’.
522 1688 669 1725 Τούτων
688 1686 727 1724 δὲ
745 1686 838 1736 μηδὲ
859 1687 1002 1735 ὀβολὸν
1022 1685 1278 1735 διευθετῆσθαι
1304 1687 1450 1724 πάντων
1471 1688 1624 1736 ὀφειλη-

294 1754 428 1791 θέντων
456 1755 521 1791 τοῦ
550 1752 718 1801 δευτέρου
746 1752 860 1801 μηνὸς
888 1754 935 1802 τῇ
964 1752 1152 1801 νουμηνίᾳ.
1210 1752 1283 1789 Τὸν
1310 1751 1348 1789 δὲ
1380 1752 1626 1802 ἀπελεύθερον

292 1821 403 1858 αὐτοῦ
428 1820 515 1857 ὄντα
544 1818 736 1868 ὁμώνυμον
764 1820 814 1869 τῷ
845 1817 1014 1857 Κόνωνος
1043 1818 1153 1866 πατρὶ
1181 1817 1295 1866 μηδὲν
1323 1819 1535 1868 ὁλοσχερῶς
1563 1836 1623 1856 πε-

292 1885 537 1935 φροντικέναι.
580 1886 703 1922 Ταῦτα
723 1882 786 1921 οὖν
805 1886 949 1932 πρῶτον
967 1885 1035 1932 μὲν
1056 1883 1112 1920 ἵνα
1131 1883 1251 1920 πάντα
1271 1883 1444 1934 σῴζηται,
1459 1883 1625 1933 δεύτερον

293 1951 331 1989 δὲ
361 1951 417 1988 ἵνα
445 1950 537 2000 μηδὲ
565 1953 635 1988 τῶν
661 1950 776 1988 τόκων
800 1950 1034 2001 ὀλιγωρήσῃς
1061 1952 1132 1987 τῶν
1158 1950 1231 1987 ἀπὸ
1255 1951 1318 1997 τῆς
1343 1950 1624 1999 προεκκειμένης
1646 1962 1682 1993 25

292 2017 440 2065 ἡμέρας.
493 2015 615 2055 ’Όσας
635 2016 744 2053 αὐτὸν
763 2015 967 2066 ἠνέγκαμεν
987 2014 1135 2064 σφόδρα
1155 2014 1308 2052 δέδοικα·
1340 2015 1398 2051 καὶ
1418 2016 1489 2066 γὰρ
1503 2017 1624 2064 παρῆν

292 2083 383 2131 πρὸς
410 2082 506 2130 ἡμᾶς
536 2082 858 2130 κατασκεψόμενος
883 2081 946 2117 καί
961 2097 995 2117 τι
1021 2080 1157 2130 σχεδὸν
1183 2080 1351 2119 ἐλπίσας·
1383 2081 1565 2131 ἀπογνοὺς
1592 2079 1621 2117 δ’

292 2149 438 2199 ἀλόγως
458 2148 603 2196 ἀπέστη
630 2147 786 2184 ἐπειπών
807 2147 924 2184 (εἵκω
955 2147 1113 2196 αἰσχρόν
1138 2163 1194 2183 τοι
1220 2145 1330 2195 δηρόν
1355 2162 1393 2182 τε
1413 2146 1532 2194 μένειν
1547 2147 1618 2192 '—‚

335 2251 355 2279 8
379 2249 490 2279 afuisti
515 2247 609 2279 Man.
630 2261 636 2279 :
669 2248 765 2279 abisti
792 2248 832 2278 Μ
1007 2257 1039 2277 ΙΙ
1068 2248 1132 2277 iam
1159 2247 1280 2277 Orelli:
1315 2252 1424 2276 tamen
1450 2247 1526 2277 Ml:
1551 2258 1617 2277 om.

287 2291 316 2320 L
330 2296 470 2331 imarg.)
566 2303 603 2321 12
620 2292 750 2321 obviam
766 2290 915 2320 Orelliex
929 2289 1028 2319 codice
1040 2289 1198 2328 quodam,
1213 2289 1278 2318 coll.
1288 2299 1315 2327 7.
1331 2299 1350 2318 2
1442 2300 1479 2329 15
1496 2291 1529 2320 ἐν
1541 2291 1617 2321 add.

292 2334 480 2375 ll'esenbetg
554 2346 564 2364 1
574 2346 589 2373 7
609 2340 641 2365 et
655 2334 752 2364 Reid:
771 2338 821 2364 ast
835 2332 921 2363 codd.
994 2343 1037 2363 20
1051 2332 1116 2371 μη’.
1153 2332 1203 2361 καὶ
1215 2332 1291 2369 μνᾶς
1304 2333 1548 2372 κληρονομήσας
1561 2334 1618 2373 χμ’

293 2379 359 2418 >0²⁷-
387 2378 511 2409 τούτων
535 2377 567 2408 δὲ
593 2378 680 2417 vulg.
762 2376 899 2407 Textum
922 2375 1104 2405 secundum
1130 2375 1260 2405 Muecke
1283 2375 1434 2405 dedimus
1577 2387 1616 2407 21

294 2422 507 2461 διευθετῆσθαι
520 2420 651 2452 Muecke
665 2431 671 2450 :
688 2419 880 2459 AIETA(vel
894 2419 1117 2458 Α)ΥΤΗΟΘΑΙ
1131 2417 1237 2449 codd:
1256 2419 1483 2450 διευλυτῶσθαι
1500 2419 1623 2459 Tyrrell

296 2476 337 2505 23
359 2466 473 2506 αὐτοῦ]
497 2465 594 2503 αὐτῆς
617 2463 695 2495 coni.
725 2462 913 2502 Wesenberg
1097 2471 1149 2501 25,
1167 2463 1209 2492 26
1233 2461 1487 2502 προεκκειμένης·
1504 2463 1619 2503 ἡμέρας

296 2510 371 2540 ὅσας
400 2509 522 2548 Tyrrell
