<?xml version="1.0" encoding="UTF-8"?>
<!DOCTYPE html PUBLIC "-//W3C//DTD XHTML 1.0 Transitional//EN"
    "http://www.w3.org/TR/xhtml1/DTD/xhtml1-transitional.dtd">
<html xmlns="http://www.w3.org/1999/xhtml" xml:lang="en" lang="en">
 <head>
  <title>
</title>
<meta http-equiv="Content-Type" content="text/html;charset=utf-8" />
  <meta name='ocr-system' content='tesseract 3.04.00' />
  <meta name='ocr-capabilities' content='ocr_page ocr_carea ocr_par ocr_line ocrx_word'/>
</head>
<body>
  <div class='ocr_page' id='page_1' title='image "./p1epistulaerecog02ciceuoft_0235.png"; bbox 0 0 1773 2651; ppageno 0'>
   <div class='ocr_carea' id='block_1_1' title="bbox 631 174 1588 213">
    <p class='ocr_par' dir='ltr' id='par_1_1' title="bbox 631 174 1588 213">
     <span class='ocr_line' id='line_1_1' title="bbox 631 174 1588 213; baseline 0.001 -3"><span class='ocrx_word' id='word_1_1' title='bbox 631 174 743 211; x_wconf 82' lang='lat' dir='ltr'><strong>EPP.</strong></span> <span class='ocrx_word' id='word_1_2' title='bbox 776 175 854 211; x_wconf 82' lang='lat' dir='ltr'><strong>AD</strong></span> <span class='ocrx_word' id='word_1_3' title='bbox 884 174 1143 213; x_wconf 80' lang='lat' dir='ltr'><strong>ATTICVM</strong></span> <span class='ocrx_word' id='word_1_4' title='bbox 1430 175 1523 212; x_wconf 89' lang='lat' dir='ltr'><strong>VII.</strong></span> <span class='ocrx_word' id='word_1_5' title='bbox 1543 174 1588 210; x_wconf 91' lang='lat' dir='ltr'><strong>iv</strong></span> 
     </span>
    </p>
   </div>
   <div class='ocr_carea' id='block_1_2' title="bbox 230 312 1303 437">
    <p class='ocr_par' dir='ltr' id='par_1_2' title="bbox 230 312 1303 437">
     <span class='ocr_line' id='line_1_2' title="bbox 230 312 1303 358; baseline 0.002 -12"><span class='ocrx_word' id='word_1_6' title='bbox 230 312 296 346; x_wconf 89' lang='lat' dir='ltr'><strong>IV</strong></span> <span class='ocrx_word' id='word_1_7' title='bbox 392 316 462 347; x_wconf 79' lang='lat' dir='ltr'><strong>Scr.</strong></span> <span class='ocrx_word' id='word_1_8' title='bbox 485 317 517 346; x_wconf 75' lang='grc' dir='ltr'><strong>ιἰι</strong></span> <span class='ocrx_word' id='word_1_9' title='bbox 535 316 741 358; x_wconf 67' lang='lat' dir='ltr'><strong>Pompeiano</strong></span> <span class='ocrx_word' id='word_1_10' title='bbox 758 318 788 348; x_wconf 81' lang='grc' dir='ltr'><em>ιύ</em></span> <span class='ocrx_word' id='word_1_11' title='bbox 804 321 864 348; x_wconf 79' lang='lat' dir='ltr'><strong>ant</strong></span> <span class='ocrx_word' id='word_1_12' title='bbox 879 317 975 349; x_wconf 66' lang='lat' dir='ltr'><strong>iiz&#39;Id.</strong></span> <span class='ocrx_word' id='word_1_13' title='bbox 996 317 1070 348; x_wconf 75' lang='lat' dir='ltr'><strong>Dec.</strong></span> <span class='ocrx_word' id='word_1_14' title='bbox 1091 328 1121 348; x_wconf 81' lang='lat' dir='ltr'><strong>a.</strong></span> <span class='ocrx_word' id='word_1_15' title='bbox 1143 327 1202 357; x_wconf 75' lang='lat'><strong>704</strong></span> <span class='ocrx_word' id='word_1_16' title='bbox 1223 319 1303 358; x_wconf 42' lang='grc' dir='ltr'><strong>(μ),</strong></span> 
     </span>
     <span class='ocr_line' id='line_1_3' title="bbox 597 406 1107 437; baseline -0.002 0"><span class='ocrx_word' id='word_1_17' title='bbox 597 406 774 437; x_wconf 77' lang='lat' dir='ltr'><strong>CICERO</strong></span> <span class='ocrx_word' id='word_1_18' title='bbox 806 406 976 437; x_wconf 81' lang='lat' dir='ltr'>ATTICO</span> <span class='ocrx_word' id='word_1_19' title='bbox 1010 406 1107 437; x_wconf 79' lang='lat' dir='ltr'><strong>SAL.</strong></span> 
     </span>
    </p>
   </div>
   <div class='ocr_carea' id='block_1_3' title="bbox 123 493 1559 2171">
    <p class='ocr_par' dir='ltr' id='par_1_3' title="bbox 123 493 1559 2171">
     <span class='ocr_line' id='line_1_4' title="bbox 241 493 1553 544; baseline 0.002 -13"><span class='ocrx_word' id='word_1_20' title='bbox 241 493 476 544; x_wconf 80' lang='lat' dir='ltr'><strong>Dionysium</strong></span> <span class='ocrx_word' id='word_1_21' title='bbox 494 495 720 544; x_wconf 83' lang='lat' dir='ltr'><strong>flagrantem</strong></span> <span class='ocrx_word' id='word_1_22' title='bbox 738 495 933 534; x_wconf 87' lang='lat' dir='ltr'><strong>desiderio</strong></span> <span class='ocrx_word' id='word_1_23' title='bbox 955 495 1009 533; x_wconf 88' lang='lat' dir='ltr'><strong>tui</strong></span> <span class='ocrx_word' id='word_1_24' title='bbox 1032 495 1118 533; x_wconf 88' lang='lat' dir='ltr'><strong>misi</strong></span> <span class='ocrx_word' id='word_1_25' title='bbox 1138 496 1188 534; x_wconf 87' lang='lat' dir='ltr'><strong>ad</strong></span> <span class='ocrx_word' id='word_1_26' title='bbox 1210 502 1248 533; x_wconf 86' lang='lat' dir='ltr'><strong>te</strong></span> <span class='ocrx_word' id='word_1_27' title='bbox 1269 509 1342 534; x_wconf 90' lang='lat' dir='ltr'><strong>nec</strong></span> <span class='ocrx_word' id='word_1_28' title='bbox 1359 508 1422 533; x_wconf 93' lang='lat' dir='ltr'><strong>me</strong></span> <span class='ocrx_word' id='word_1_29' title='bbox 1436 497 1517 533; x_wconf 88' lang='lat' dir='ltr'><strong>her·</strong></span> <span class='ocrx_word' id='word_1_30' title='bbox 1537 507 1553 533; x_wconf 95' lang='lat'>1</span> 
     </span>
     <span class='ocr_line' id='line_1_5' title="bbox 186 559 1515 610; baseline 0.001 -14"><span class='ocrx_word' id='word_1_31' title='bbox 186 561 272 597; x_wconf 92' lang='lat' dir='ltr'><strong>cule</strong></span> <span class='ocrx_word' id='word_1_32' title='bbox 292 573 420 609; x_wconf 83' lang='lat' dir='ltr'><strong>aequo</strong></span> <span class='ocrx_word' id='word_1_33' title='bbox 449 559 593 605; x_wconf 84' lang='lat' dir='ltr'><strong>animo,</strong></span> <span class='ocrx_word' id='word_1_34' title='bbox 618 562 687 598; x_wconf 91' lang='lat' dir='ltr'><strong>sed</strong></span> <span class='ocrx_word' id='word_1_35' title='bbox 718 560 789 598; x_wconf 86' lang='lat' dir='ltr'><strong>fuit</strong></span> <span class='ocrx_word' id='word_1_36' title='bbox 819 561 1134 598; x_wconf 90' lang='lat' dir='ltr'><strong>concedendum.</strong></span> <span class='ocrx_word' id='word_1_37' title='bbox 1195 561 1326 609; x_wconf 85' lang='lat' dir='ltr'><strong>Quem</strong></span> <span class='ocrx_word' id='word_1_38' title='bbox 1356 560 1515 610; x_wconf 81' lang='lat' dir='ltr'><strong>quidem</strong></span> 
     </span>
     <span class='ocr_line' id='line_1_6' title="bbox 147 625 1513 675; baseline 0.001 -13"><span class='ocrx_word' id='word_1_39' title='bbox 147 640 163 671; x_wconf 86' lang='lat'>5</span> <span class='ocrx_word' id='word_1_40' title='bbox 184 625 351 673; x_wconf 82' lang='lat' dir='ltr'>cognovi</span> <span class='ocrx_word' id='word_1_41' title='bbox 386 638 507 674; x_wconf 83' lang='lat' dir='ltr'><strong>quom</strong></span> <span class='ocrx_word' id='word_1_42' title='bbox 542 626 715 671; x_wconf 88' lang='lat' dir='ltr'><strong>doctum,</strong></span> <span class='ocrx_word' id='word_1_43' title='bbox 754 627 861 675; x_wconf 85' lang='lat' dir='ltr'><strong>quod</strong></span> <span class='ocrx_word' id='word_1_44' title='bbox 894 625 989 662; x_wconf 87' lang='lat' dir='ltr'><strong>mihi</strong></span> <span class='ocrx_word' id='word_1_45' title='bbox 1024 625 1101 662; x_wconf 88' lang='lat' dir='ltr'><strong>iam</strong></span> <span class='ocrx_word' id='word_1_46' title='bbox 1131 633 1222 663; x_wconf 86' lang='lat' dir='ltr'><strong>ante</strong></span> <span class='ocrx_word' id='word_1_47' title='bbox 1253 634 1333 664; x_wconf 82' lang='lat' dir='ltr'><strong>erat</strong></span> <span class='ocrx_word' id='word_1_48' title='bbox 1364 634 1513 673; x_wconf 87' lang='lat' dir='ltr'><strong>notum,</strong></span> 
     </span>
     <span class='ocr_line' id='line_1_7' title="bbox 184 688 1515 738; baseline 0 -13"><span class='ocrx_word' id='word_1_49' title='bbox 184 697 267 725; x_wconf 86' lang='lat' dir='ltr'><strong>turn</strong></span> <span class='ocrx_word' id='word_1_50' title='bbox 289 701 383 726; x_wconf 87' lang='lat' dir='ltr'><strong>sane</strong></span> <span class='ocrx_word' id='word_1_51' title='bbox 404 690 564 738; x_wconf 89' lang='lat' dir='ltr'><strong>plenum</strong></span> <span class='ocrx_word' id='word_1_52' title='bbox 590 689 704 735; x_wconf 85' lang='lat' dir='ltr'><strong>offici,</strong></span> <span class='ocrx_word' id='word_1_53' title='bbox 728 688 948 727; x_wconf 88' lang='lat' dir='ltr'><strong>studiosum</strong></span> <span class='ocrx_word' id='word_1_54' title='bbox 976 688 1094 726; x_wconf 86' lang='lat' dir='ltr'><strong>etiam</strong></span> <span class='ocrx_word' id='word_1_55' title='bbox 1119 701 1230 726; x_wconf 86' lang='lat' dir='ltr'><strong>meae</strong></span> <span class='ocrx_word' id='word_1_56' title='bbox 1257 688 1394 735; x_wconf 78' lang='lat' dir='ltr'><strong>laudis,</strong></span> <span class='ocrx_word' id='word_1_57' title='bbox 1418 689 1515 738; x_wconf 79' lang='lat' dir='ltr'><strong>frugi</strong></span> 
     </span>
     <span class='ocr_line' id='line_1_8' title="bbox 184 752 1514 802; baseline 0.001 -12"><span class='ocrx_word' id='word_1_58' title='bbox 184 753 387 792; x_wconf 88' lang='lat' dir='ltr'><strong>hominem</strong></span> <span class='ocrx_word' id='word_1_59' title='bbox 418 767 475 801; x_wconf 88' lang='lat' dir='ltr'><strong>ac,</strong></span> <span class='ocrx_word' id='word_1_60' title='bbox 512 768 561 792; x_wconf 89' lang='lat' dir='ltr'><strong>ne</strong></span> <span class='ocrx_word' id='word_1_61' title='bbox 593 754 817 792; x_wconf 87' lang='lat' dir='ltr'><strong>libertinum</strong></span> <span class='ocrx_word' id='word_1_62' title='bbox 857 754 1015 791; x_wconf 90' lang='lat' dir='ltr'><strong>laudare</strong></span> <span class='ocrx_word' id='word_1_63' title='bbox 1053 752 1194 800; x_wconf 86' lang='lat' dir='ltr'><strong>videar,</strong></span> <span class='ocrx_word' id='word_1_64' title='bbox 1237 755 1352 802; x_wconf 84' lang='lat' dir='ltr'><strong>plane</strong></span> <span class='ocrx_word' id='word_1_65' title='bbox 1390 753 1514 791; x_wconf 86' lang='lat' dir='ltr'><strong>virum</strong></span> 
     </span>
     <span class='ocr_line' id='line_1_9' title="bbox 184 818 1559 868; baseline 0.001 -13"><span class='ocrx_word' id='word_1_66' title='bbox 184 819 346 856; x_wconf 89' lang='lat' dir='ltr'><strong>bonum.</strong></span> <span class='ocrx_word' id='word_1_67' title='bbox 407 819 641 868; x_wconf 90' lang='lat' dir='ltr'><strong>Pompeium</strong></span> <span class='ocrx_word' id='word_1_68' title='bbox 684 819 763 857; x_wconf 88' lang='lat' dir='ltr'><strong>vidi</strong></span> <span class='ocrx_word' id='word_1_69' title='bbox 804 831 867 856; x_wconf 91' lang='lat'>1111</span> <span class='ocrx_word' id='word_1_70' title='bbox 909 820 1004 856; x_wconf 92' lang='lat' dir='ltr'><strong>Idus</strong></span> <span class='ocrx_word' id='word_1_71' title='bbox 1046 818 1290 856; x_wconf 77' lang='lat' dir='ltr'><strong>Decembris.</strong></span> <span class='ocrx_word' id='word_1_72' title='bbox 1352 818 1559 857; x_wconf 88' lang='lat' dir='ltr'><strong>Fuimus2</strong></span> 
     </span>
     <span class='ocr_line' id='line_1_10' title="bbox 184 883 1516 933; baseline 0 -12"><span class='ocrx_word' id='word_1_73' title='bbox 184 897 262 921; x_wconf 88' lang='lat' dir='ltr'><strong>una</strong></span> <span class='ocrx_word' id='word_1_74' title='bbox 301 885 414 922; x_wconf 87' lang='lat' dir='ltr'><strong>boras</strong></span> <span class='ocrx_word' id='word_1_75' title='bbox 449 885 547 922; x_wconf 89' lang='lat' dir='ltr'><strong>duas</strong></span> <span class='ocrx_word' id='word_1_76' title='bbox 585 885 756 922; x_wconf 89' lang='lat' dir='ltr'><strong>fortasse.</strong></span> <span class='ocrx_word' id='word_1_77' title='bbox 818 885 965 933; x_wconf 82' lang='lat' dir='ltr'><strong>Magna</strong></span> <span class='ocrx_word' id='word_1_78' title='bbox 998 883 1143 920; x_wconf 85' lang='lat' dir='ltr'><strong>laetitia</strong></span> <span class='ocrx_word' id='word_1_79' title='bbox 1182 883 1277 920; x_wconf 89' lang='lat' dir='ltr'>mihi</span> <span class='ocrx_word' id='word_1_80' title='bbox 1316 883 1419 921; x_wconf 87' lang='lat' dir='ltr'><strong>visus</strong></span> <span class='ocrx_word' id='word_1_81' title='bbox 1459 891 1516 921; x_wconf 90' lang='lat' dir='ltr'><strong>est</strong></span> 
     </span>
     <span class='ocr_line' id='line_1_11' title="bbox 128 947 1515 997; baseline 0 -12"><span class='ocrx_word' id='word_1_82' title='bbox 128 963 164 985; x_wconf 90' lang='lat'><strong>10</strong></span> <span class='ocrx_word' id='word_1_83' title='bbox 183 947 300 986; x_wconf 81' lang='lat' dir='ltr'><strong>adfici</strong></span> <span class='ocrx_word' id='word_1_84' title='bbox 331 961 420 986; x_wconf 89' lang='lat' dir='ltr'><strong>meo</strong></span> <span class='ocrx_word' id='word_1_85' title='bbox 447 950 646 995; x_wconf 79' lang='lat' dir='ltr'><strong>adventu3</strong></span> <span class='ocrx_word' id='word_1_86' title='bbox 676 950 726 987; x_wconf 91' lang='lat' dir='ltr'><strong>de</strong></span> <span class='ocrx_word' id='word_1_87' title='bbox 755 947 954 997; x_wconf 90' lang='lat' dir='ltr'><strong>triumpho</strong></span> <span class='ocrx_word' id='word_1_88' title='bbox 984 947 1139 994; x_wconf 86' lang='lat' dir='ltr'><strong>hortari,</strong></span> <span class='ocrx_word' id='word_1_89' title='bbox 1171 947 1368 997; x_wconf 78' lang='lat' dir='ltr'><strong>suscipere</strong></span> <span class='ocrx_word' id='word_1_90' title='bbox 1398 948 1515 997; x_wconf 88' lang='lat' dir='ltr'><strong>partis</strong></span> 
     </span>
     <span class='ocr_line' id='line_1_12' title="bbox 185 1015 1514 1064; baseline -0.001 -12"><span class='ocrx_word' id='word_1_91' title='bbox 185 1028 284 1061; x_wconf 81' lang='lat' dir='ltr'><strong>suas,</strong></span> <span class='ocrx_word' id='word_1_92' title='bbox 318 1029 478 1053; x_wconf 86' lang='lat' dir='ltr'><strong>monere</strong></span> <span class='ocrx_word' id='word_1_93' title='bbox 508 1029 557 1053; x_wconf 92' lang='lat' dir='ltr'><strong>ne</strong></span> <span class='ocrx_word' id='word_1_94' title='bbox 586 1023 678 1053; x_wconf 89' lang='lat' dir='ltr'><strong>ante</strong></span> <span class='ocrx_word' id='word_1_95' title='bbox 713 1015 751 1052; x_wconf 92' lang='lat' dir='ltr'><strong>in</strong></span> <span class='ocrx_word' id='word_1_96' title='bbox 787 1024 967 1053; x_wconf 86' lang='lat' dir='ltr'><strong>senatum</strong></span> <span class='ocrx_word' id='word_1_97' title='bbox 1006 1016 1235 1053; x_wconf 76' lang='lat' dir='ltr'>accederem</span> <span class='ocrx_word' id='word_1_98' title='bbox 1276 1028 1393 1064; x_wconf 86' lang='lat' dir='ltr'><strong>quam</strong></span> <span class='ocrx_word' id='word_1_99' title='bbox 1434 1028 1514 1053; x_wconf 91' lang='lat' dir='ltr'><strong>rem</strong></span> 
     </span>
     <span class='ocr_line' id='line_1_13' title="bbox 184 1079 1516 1129; baseline -0.001 -12"><span class='ocrx_word' id='word_1_100' title='bbox 184 1079 453 1126; x_wconf 78' lang='lat' dir='ltr'><strong>confecissem,</strong></span> <span class='ocrx_word' id='word_1_101' title='bbox 487 1094 536 1118; x_wconf 89' lang='lat' dir='ltr'><strong>ne</strong></span> <span class='ocrx_word' id='word_1_102' title='bbox 566 1080 745 1118; x_wconf 83' lang='lat' dir='ltr'><strong>dicendis</strong></span> <span class='ocrx_word' id='word_1_103' title='bbox 775 1079 978 1118; x_wconf 85' lang='lat' dir='ltr'><strong>sententiis</strong></span> <span class='ocrx_word' id='word_1_104' title='bbox 1007 1079 1178 1129; x_wconf 85' lang='lat' dir='ltr'>aliquem</span> <span class='ocrx_word' id='word_1_105' title='bbox 1206 1079 1406 1117; x_wconf 87' lang='lat' dir='ltr'><strong>tribunum</strong></span> <span class='ocrx_word' id='word_1_106' title='bbox 1427 1079 1516 1117; x_wconf 88' lang='lat' dir='ltr'><strong>alie-</strong></span> 
     </span>
     <span class='ocr_line' id='line_1_14' title="bbox 183 1143 1514 1195; baseline 0 -14"><span class='ocrx_word' id='word_1_107' title='bbox 183 1158 328 1182; x_wconf 83' lang='lat' dir='ltr'><strong>narem.</strong></span> <span class='ocrx_word' id='word_1_108' title='bbox 389 1145 497 1193; x_wconf 84' lang='lat' dir='ltr'><strong>Quid</strong></span> <span class='ocrx_word' id='word_1_109' title='bbox 528 1145 711 1195; x_wconf 83' lang='lat' dir='ltr'><strong>quaeris?</strong></span> <span class='ocrx_word' id='word_1_110' title='bbox 740 1145 779 1182; x_wconf 92' lang='lat' dir='ltr'><strong>in</strong></span> <span class='ocrx_word' id='word_1_111' title='bbox 800 1146 876 1182; x_wconf 89' lang='lat' dir='ltr'><strong>hoc</strong></span> <span class='ocrx_word' id='word_1_112' title='bbox 901 1144 1030 1182; x_wconf 89' lang='lat' dir='ltr'>officio</span> <span class='ocrx_word' id='word_1_113' title='bbox 1051 1143 1241 1182; x_wconf 90' lang='lat' dir='ltr'><strong>sermonis</strong></span> <span class='ocrx_word' id='word_1_114' title='bbox 1271 1144 1367 1181; x_wconf 87' lang='lat' dir='ltr'><strong>nibil</strong></span> <span class='ocrx_word' id='word_1_115' title='bbox 1388 1144 1514 1193; x_wconf 88' lang='lat' dir='ltr'><strong>potuit</strong></span> 
     </span>
     <span class='ocr_line' id='line_1_15' title="bbox 183 1209 1514 1260; baseline -0.001 -13"><span class='ocrx_word' id='word_1_116' title='bbox 183 1223 268 1247; x_wconf 89' lang='lat' dir='ltr'><strong>esse</strong></span> <span class='ocrx_word' id='word_1_117' title='bbox 289 1210 484 1260; x_wconf 76' lang='lat' dir='ltr'><strong>prolixius.</strong></span> <span class='ocrx_word' id='word_1_118' title='bbox 547 1212 608 1248; x_wconf 91' lang='lat' dir='ltr'><strong>De</strong></span> <span class='ocrx_word' id='word_1_119' title='bbox 629 1224 668 1248; x_wconf 89' lang='lat' dir='ltr'><strong>re</strong></span> <span class='ocrx_word' id='word_1_120' title='bbox 688 1210 846 1259; x_wconf 85' lang='lat' dir='ltr'><strong>publica</strong></span> <span class='ocrx_word' id='word_1_121' title='bbox 865 1217 997 1248; x_wconf 85' lang='lat' dir='ltr'><strong>autem</strong></span> <span class='ocrx_word' id='word_1_122' title='bbox 1023 1209 1075 1247; x_wconf 87' lang='lat' dir='ltr'><strong>ita</strong></span> <span class='ocrx_word' id='word_1_123' title='bbox 1105 1223 1261 1247; x_wconf 90' lang='lat' dir='ltr'><strong>mecum</strong></span> <span class='ocrx_word' id='word_1_124' title='bbox 1282 1211 1436 1247; x_wconf 87' lang='lat' dir='ltr'><strong>locutus</strong></span> <span class='ocrx_word' id='word_1_125' title='bbox 1457 1217 1514 1247; x_wconf 89' lang='lat' dir='ltr'><strong>est</strong></span> 
     </span>
     <span class='ocr_line' id='line_1_16' title="bbox 128 1273 1513 1324; baseline -0.001 -12"><span class='ocrx_word' id='word_1_126' title='bbox 128 1291 161 1321; x_wconf 78' lang='lat'><strong>15</strong></span> <span class='ocrx_word' id='word_1_127' title='bbox 184 1275 294 1324; x_wconf 79' lang='lat' dir='ltr'><strong>quasi</strong></span> <span class='ocrx_word' id='word_1_128' title='bbox 324 1288 404 1312; x_wconf 86' lang='lat' dir='ltr'><strong>non</strong></span> <span class='ocrx_word' id='word_1_129' title='bbox 435 1275 601 1312; x_wconf 92' lang='lat' dir='ltr'><strong>dubium</strong></span> <span class='ocrx_word' id='word_1_130' title='bbox 630 1275 776 1312; x_wconf 92' lang='lat' dir='ltr'><strong>bellum</strong></span> <span class='ocrx_word' id='word_1_131' title='bbox 809 1275 1053 1321; x_wconf 83' lang='lat' dir='ltr'><strong>haberemus,</strong></span> <span class='ocrx_word' id='word_1_132' title='bbox 1077 1273 1173 1312; x_wconf 89' lang='lat' dir='ltr'><strong>nihil</strong></span> <span class='ocrx_word' id='word_1_133' title='bbox 1202 1275 1253 1312; x_wconf 90' lang='lat' dir='ltr'><strong>ad</strong></span> <span class='ocrx_word' id='word_1_134' title='bbox 1283 1287 1393 1323; x_wconf 93' lang='lat' dir='ltr'><strong>spem</strong></span> <span class='ocrx_word' id='word_1_135' title='bbox 1424 1287 1513 1311; x_wconf 91' lang='lat' dir='ltr'><strong>con-</strong></span> 
     </span>
     <span class='ocr_line' id='line_1_17' title="bbox 183 1338 1511 1388; baseline -0.001 -11"><span class='ocrx_word' id='word_1_136' title='bbox 183 1339 350 1378; x_wconf 80' lang='lat' dir='ltr'><strong>cordiae.</strong></span> <span class='ocrx_word' id='word_1_137' title='bbox 412 1341 532 1378; x_wconf 81' lang='lat' dir='ltr'><strong>Plane</strong></span> <span class='ocrx_word' id='word_1_138' title='bbox 554 1339 662 1377; x_wconf 87' lang='lat' dir='ltr'><strong>illum</strong></span> <span class='ocrx_word' id='word_1_139' title='bbox 684 1353 706 1376; x_wconf 87' lang='lat' dir='ltr'><strong>a</strong></span> <span class='ocrx_word' id='word_1_140' title='bbox 727 1352 767 1377; x_wconf 89' lang='lat' dir='ltr'><strong>se</strong></span> <span class='ocrx_word' id='word_1_141' title='bbox 787 1339 1000 1377; x_wconf 87' lang='lat' dir='ltr'><strong>alienatum</strong></span> <span class='ocrx_word' id='word_1_142' title='bbox 1025 1352 1116 1377; x_wconf 90' lang='lat' dir='ltr'><strong>cum</strong></span> <span class='ocrx_word' id='word_1_143' title='bbox 1145 1346 1236 1376; x_wconf 82' lang='lat' dir='ltr'><strong>ante</strong></span> <span class='ocrx_word' id='word_1_144' title='bbox 1260 1338 1511 1388; x_wconf 86' lang='lat' dir='ltr'><strong>intellegeret,</strong></span> 
     </span>
     <span class='ocr_line' id='line_1_18' title="bbox 183 1403 1514 1455; baseline -0.002 -13"><span class='ocrx_word' id='word_1_145' title='bbox 183 1414 266 1442; x_wconf 87' lang='lat' dir='ltr'><strong>tum</strong></span> <span class='ocrx_word' id='word_1_146' title='bbox 296 1419 388 1443; x_wconf 83' lang='lat' dir='ltr'><strong>vero</strong></span> <span class='ocrx_word' id='word_1_147' title='bbox 418 1405 594 1455; x_wconf 83' lang='lat' dir='ltr'><strong>proxime</strong></span> <span class='ocrx_word' id='word_1_148' title='bbox 624 1404 830 1443; x_wconf 86' lang='lat' dir='ltr'><strong>iudicasse.</strong></span> <span class='ocrx_word' id='word_1_149' title='bbox 902 1404 1069 1442; x_wconf 89' lang='lat' dir='ltr'><strong>Venisse</strong></span> <span class='ocrx_word' id='word_1_150' title='bbox 1095 1403 1269 1442; x_wconf 91' lang='lat' dir='ltr'><strong>Hirtium</strong></span> <span class='ocrx_word' id='word_1_151' title='bbox 1297 1417 1320 1441; x_wconf 87' lang='lat' dir='ltr'><strong>a</strong></span> <span class='ocrx_word' id='word_1_152' title='bbox 1347 1405 1514 1443; x_wconf 82' lang='lat' dir='ltr'><strong>Caesare</strong></span> 
     </span>
     <span class='ocr_line' id='line_1_19' title="bbox 182 1469 1512 1519; baseline -0.002 -11"><span class='ocrx_word' id='word_1_153' title='bbox 182 1470 249 1519; x_wconf 85' lang='lat' dir='ltr'><strong>qui</strong></span> <span class='ocrx_word' id='word_1_154' title='bbox 279 1478 380 1508; x_wconf 88' lang='lat' dir='ltr'><strong>esset</strong></span> <span class='ocrx_word' id='word_1_155' title='bbox 410 1470 463 1507; x_wconf 85' lang='lat' dir='ltr'><strong>illi</strong></span> <span class='ocrx_word' id='word_1_156' title='bbox 493 1469 824 1516; x_wconf 89' lang='lat' dir='ltr'><strong>familiarissimus,</strong></span> <span class='ocrx_word' id='word_1_157' title='bbox 856 1470 906 1507; x_wconf 89' lang='lat' dir='ltr'><strong>ad</strong></span> <span class='ocrx_word' id='word_1_158' title='bbox 937 1483 977 1507; x_wconf 91' lang='lat' dir='ltr'><strong>se</strong></span> <span class='ocrx_word' id='word_1_159' title='bbox 1004 1482 1084 1507; x_wconf 90' lang='lat' dir='ltr'><strong>non</strong></span> <span class='ocrx_word' id='word_1_160' title='bbox 1113 1469 1324 1507; x_wconf 85' lang='lat' dir='ltr'><strong>accessisse</strong></span> <span class='ocrx_word' id='word_1_161' title='bbox 1351 1476 1399 1515; x_wconf 88' lang='lat' dir='ltr'><strong>et,</strong></span> <span class='ocrx_word' id='word_1_162' title='bbox 1423 1482 1512 1506; x_wconf 93' lang='lat' dir='ltr'><strong>cum</strong></span> 
     </span>
     <span class='ocr_line' id='line_1_20' title="bbox 183 1534 1515 1584; baseline -0.001 -11"><span class='ocrx_word' id='word_1_163' title='bbox 183 1536 246 1574; x_wconf 79' lang='lat' dir='ltr'><strong>ille</strong></span> <span class='ocrx_word' id='word_1_164' title='bbox 266 1550 298 1573; x_wconf 88' lang='lat' dir='ltr'><strong>a.</strong></span> <span class='ocrx_word' id='word_1_165' title='bbox 322 1537 359 1574; x_wconf 89' lang='lat' dir='ltr'><strong>d.</strong></span> <span class='ocrx_word' id='word_1_166' title='bbox 384 1548 457 1573; x_wconf 81' lang='lat' dir='ltr'><strong>vul</strong></span> <span class='ocrx_word' id='word_1_167' title='bbox 482 1536 577 1573; x_wconf 88' lang='lat' dir='ltr'><strong>Idus</strong></span> <span class='ocrx_word' id='word_1_168' title='bbox 601 1535 809 1573; x_wconf 86' lang='lat' dir='ltr'><strong>Decembr.</strong></span> <span class='ocrx_word' id='word_1_169' title='bbox 826 1534 975 1584; x_wconf 88' lang='lat' dir='ltr'><strong>vesperi</strong></span> <span class='ocrx_word' id='word_1_170' title='bbox 990 1534 1169 1581; x_wconf 88' lang='lat' dir='ltr'><strong>venisset,</strong></span> <span class='ocrx_word' id='word_1_171' title='bbox 1194 1535 1340 1572; x_wconf 88' lang='lat' dir='ltr'><strong>Balbus</strong></span> <span class='ocrx_word' id='word_1_172' title='bbox 1362 1535 1412 1572; x_wconf 88' lang='lat' dir='ltr'><strong>de</strong></span> <span class='ocrx_word' id='word_1_173' title='bbox 1433 1542 1515 1572; x_wconf 80' lang='lat' dir='ltr'><strong>tota</strong></span> 
     </span>
     <span class='ocr_line' id='line_1_21' title="bbox 126 1600 1512 1649; baseline -0.001 -10"><span class='ocrx_word' id='word_1_174' title='bbox 126 1618 165 1639; x_wconf 87' lang='lat'><strong>20</strong></span> <span class='ocrx_word' id='word_1_175' title='bbox 184 1615 222 1639; x_wconf 87' lang='lat' dir='ltr'><strong>re</strong></span> <span class='ocrx_word' id='word_1_176' title='bbox 247 1601 513 1639; x_wconf 84' lang='lat' dir='ltr'><strong>constituisset</strong></span> <span class='ocrx_word' id='word_1_177' title='bbox 542 1614 574 1639; x_wconf 85' lang='lat' dir='ltr'><strong>a.</strong></span> <span class='ocrx_word' id='word_1_178' title='bbox 605 1602 641 1639; x_wconf 94' lang='lat' dir='ltr'><strong>d.</strong></span> <span class='ocrx_word' id='word_1_179' title='bbox 672 1613 728 1638; x_wconf 80' lang='lat' dir='ltr'><strong>vu</strong></span> <span class='ocrx_word' id='word_1_180' title='bbox 759 1601 810 1638; x_wconf 91' lang='lat' dir='ltr'><strong>ad</strong></span> <span class='ocrx_word' id='word_1_181' title='bbox 840 1600 1066 1649; x_wconf 89' lang='lat' dir='ltr'><strong>Scipionem</strong></span> <span class='ocrx_word' id='word_1_182' title='bbox 1095 1607 1186 1637; x_wconf 88' lang='lat' dir='ltr'><strong>ante</strong></span> <span class='ocrx_word' id='word_1_183' title='bbox 1214 1601 1342 1638; x_wconf 86' lang='lat' dir='ltr'><strong>lucem</strong></span> <span class='ocrx_word' id='word_1_184' title='bbox 1369 1600 1512 1646; x_wconf 85' lang='lat' dir='ltr'><strong>venire,</strong></span> 
     </span>
     <span class='ocr_line' id='line_1_22' title="bbox 184 1665 1513 1716; baseline -0.001 -13"><span class='ocrx_word' id='word_1_185' title='bbox 184 1668 306 1704; x_wconf 88' lang='lat' dir='ltr'><strong>multa</strong></span> <span class='ocrx_word' id='word_1_186' title='bbox 326 1668 376 1704; x_wconf 89' lang='lat' dir='ltr'><strong>de</strong></span> <span class='ocrx_word' id='word_1_187' title='bbox 397 1675 514 1705; x_wconf 90' lang='lat' dir='ltr'><strong>nocte</strong></span> <span class='ocrx_word' id='word_1_188' title='bbox 535 1680 625 1704; x_wconf 91' lang='lat' dir='ltr'><strong>eum</strong></span> <span class='ocrx_word' id='word_1_189' title='bbox 646 1667 865 1716; x_wconf 88' lang='lat' dir='ltr'><strong>profectum</strong></span> <span class='ocrx_word' id='word_1_190' title='bbox 888 1679 972 1704; x_wconf 90' lang='lat' dir='ltr'><strong>esse</strong></span> <span class='ocrx_word' id='word_1_191' title='bbox 992 1666 1043 1703; x_wconf 92' lang='lat' dir='ltr'><strong>ad</strong></span> <span class='ocrx_word' id='word_1_192' title='bbox 1065 1666 1285 1704; x_wconf 86' lang='lat' dir='ltr'><strong>Caesarem.</strong></span> <span class='ocrx_word' id='word_1_193' title='bbox 1347 1667 1439 1703; x_wconf 90' lang='lat' dir='ltr'><strong>Hoc</strong></span> <span class='ocrx_word' id='word_1_194' title='bbox 1459 1665 1513 1702; x_wconf 92' lang='lat' dir='ltr'><strong>illi</strong></span> 
     </span>
     <span class='ocr_line' id='line_1_23' title="bbox 180 1729 1557 1782; baseline -0.002 -13"><span class='ocrx_word' id='word_1_195' title='bbox 180 1732 421 1782; x_wconf 83' lang='grc' dir='ltr'>τεκμηριῶδες</span> <span class='ocrx_word' id='word_1_196' title='bbox 436 1732 642 1770; x_wconf 86' lang='lat' dir='ltr'><strong>videbatur</strong></span> <span class='ocrx_word' id='word_1_197' title='bbox 669 1745 754 1770; x_wconf 90' lang='lat' dir='ltr'><strong>esse</strong></span> <span class='ocrx_word' id='word_1_198' title='bbox 779 1730 1035 1769; x_wconf 86' lang='lat' dir='ltr'><strong>alienationis.</strong></span> <span class='ocrx_word' id='word_1_199' title='bbox 1097 1729 1205 1778; x_wconf 84' lang='lat' dir='ltr'><strong>Quid</strong></span> <span class='ocrx_word' id='word_1_200' title='bbox 1233 1731 1387 1767; x_wconf 84' lang='lat' dir='ltr'><strong>multa?</strong></span> <span class='ocrx_word' id='word_1_201' title='bbox 1416 1729 1512 1767; x_wconf 86' lang='lat' dir='ltr'><strong>nihil</strong></span> <span class='ocrx_word' id='word_1_202' title='bbox 1533 1734 1557 1771; x_wconf 90' lang='lat'><strong>3</strong></span> 
     </span>
     <span class='ocr_line' id='line_1_24' title="bbox 182 1794 1513 1846; baseline -0.001 -13"><span class='ocrx_word' id='word_1_203' title='bbox 182 1810 244 1835; x_wconf 93' lang='lat' dir='ltr'><strong>me</strong></span> <span class='ocrx_word' id='word_1_204' title='bbox 276 1797 382 1835; x_wconf 85' lang='lat' dir='ltr'><strong>aliud</strong></span> <span class='ocrx_word' id='word_1_205' title='bbox 414 1798 640 1835; x_wconf 90' lang='lat' dir='ltr'><strong>consolatur</strong></span> <span class='ocrx_word' id='word_1_206' title='bbox 672 1796 745 1834; x_wconf 87' lang='lat' dir='ltr'><strong>nisi</strong></span> <span class='ocrx_word' id='word_1_207' title='bbox 780 1797 888 1846; x_wconf 85' lang='lat' dir='ltr'><strong>quod</strong></span> <span class='ocrx_word' id='word_1_208' title='bbox 921 1796 1041 1842; x_wconf 89' lang='lat' dir='ltr'><strong>illum,</strong></span> <span class='ocrx_word' id='word_1_209' title='bbox 1077 1795 1169 1845; x_wconf 87' lang='lat' dir='ltr'><strong>quoi</strong></span> <span class='ocrx_word' id='word_1_210' title='bbox 1209 1795 1326 1833; x_wconf 89' lang='lat' dir='ltr'><strong>etiam</strong></span> <span class='ocrx_word' id='word_1_211' title='bbox 1365 1794 1513 1832; x_wconf 89' lang='lat' dir='ltr'><strong>inimici</strong></span> 
     </span>
     <span class='ocr_line' id='line_1_25' title="bbox 179 1859 1510 1909; baseline -0.001 -11"><span class='ocrx_word' id='word_1_212' title='bbox 179 1863 343 1900; x_wconf 83' lang='lat' dir='ltr'><strong>alterum</strong></span> <span class='ocrx_word' id='word_1_213' title='bbox 383 1863 645 1907; x_wconf 85' lang='lat' dir='ltr'><strong>consulatum,</strong></span> <span class='ocrx_word' id='word_1_214' title='bbox 684 1862 838 1899; x_wconf 87' lang='lat' dir='ltr'><strong>fortuna</strong></span> <span class='ocrx_word' id='word_1_215' title='bbox 869 1874 1064 1898; x_wconf 85' lang='lat' dir='ltr'><strong>summam</strong></span> <span class='ocrx_word' id='word_1_216' title='bbox 1099 1859 1316 1909; x_wconf 85' lang='lat' dir='ltr'><strong>potentiam</strong></span> <span class='ocrx_word' id='word_1_217' title='bbox 1348 1859 1510 1906; x_wconf 89' lang='lat' dir='ltr'><strong>dederit,</strong></span> 
     </span>
     <span class='ocr_line' id='line_1_26' title="bbox 123 1924 1512 1971; baseline -0.001 -7"><span class='ocrx_word' id='word_1_218' title='bbox 123 1940 158 1971; x_wconf 75' lang='lat'><strong>25</strong></span> <span class='ocrx_word' id='word_1_219' title='bbox 180 1940 260 1964; x_wconf 90' lang='lat' dir='ltr'><strong>non</strong></span> <span class='ocrx_word' id='word_1_220' title='bbox 290 1926 455 1964; x_wconf 88' lang='lat' dir='ltr'><strong>arbitror</strong></span> <span class='ocrx_word' id='word_1_221' title='bbox 484 1928 565 1964; x_wconf 90' lang='lat' dir='ltr'><strong>fore</strong></span> <span class='ocrx_word' id='word_1_222' title='bbox 600 1934 679 1963; x_wconf 88' lang='lat' dir='ltr'><strong>tam</strong></span> <span class='ocrx_word' id='word_1_223' title='bbox 711 1934 909 1964; x_wconf 88' lang='lat' dir='ltr'><strong>amentem</strong></span> <span class='ocrx_word' id='word_1_224' title='bbox 935 1933 976 1963; x_wconf 88' lang='lat' dir='ltr'><strong>ut</strong></span> <span class='ocrx_word' id='word_1_225' title='bbox 1007 1926 1104 1963; x_wconf 84' lang='lat' dir='ltr'><strong>haec</strong></span> <span class='ocrx_word' id='word_1_226' title='bbox 1131 1924 1171 1962; x_wconf 89' lang='lat' dir='ltr'><strong>in</strong></span> <span class='ocrx_word' id='word_1_227' title='bbox 1203 1924 1413 1962; x_wconf 88' lang='lat' dir='ltr'><strong>discrimen</strong></span> <span class='ocrx_word' id='word_1_228' title='bbox 1445 1926 1512 1963; x_wconf 82' lang='lat' dir='ltr'><strong>ad-</strong></span> 
     </span>
     <span class='ocr_line' id='line_1_27' title="bbox 179 1989 1511 2039; baseline -0.002 -11"><span class='ocrx_word' id='word_1_229' title='bbox 179 1991 308 2028; x_wconf 90' lang='lat' dir='ltr'><strong>ducat.</strong></span> <span class='ocrx_word' id='word_1_230' title='bbox 369 1992 490 2039; x_wconf 83' lang='lat' dir='ltr'><strong>Quod</strong></span> <span class='ocrx_word' id='word_1_231' title='bbox 521 1990 552 2028; x_wconf 88' lang='lat' dir='ltr'><strong>si</strong></span> <span class='ocrx_word' id='word_1_232' title='bbox 582 2003 692 2028; x_wconf 89' lang='lat' dir='ltr'><strong>ruere</strong></span> <span class='ocrx_word' id='word_1_233' title='bbox 721 1989 904 2039; x_wconf 87' lang='lat' dir='ltr'><strong>coeperit,</strong></span> <span class='ocrx_word' id='word_1_234' title='bbox 928 2002 977 2026; x_wconf 85' lang='lat' dir='ltr'><strong>ne</strong></span> <span class='ocrx_word' id='word_1_235' title='bbox 1004 2002 1076 2038; x_wconf 81' lang='lat' dir='ltr'><strong>ego</strong></span> <span class='ocrx_word' id='word_1_236' title='bbox 1105 1990 1228 2026; x_wconf 86' lang='lat' dir='ltr'><strong>multa</strong></span> <span class='ocrx_word' id='word_1_237' title='bbox 1256 1989 1386 2034; x_wconf 91' lang='lat' dir='ltr'><strong>timeo,</strong></span> <span class='ocrx_word' id='word_1_238' title='bbox 1411 2002 1511 2038; x_wconf 86' lang='lat' dir='ltr'><strong>quae</strong></span> 
     </span>
     <span class='ocr_line' id='line_1_28' title="bbox 180 2056 1507 2100; baseline -0.001 -7"><span class='ocrx_word' id='word_1_239' title='bbox 180 2069 259 2094; x_wconf 90' lang='lat' dir='ltr'><strong>non</strong></span> <span class='ocrx_word' id='word_1_240' title='bbox 289 2058 418 2095; x_wconf 85' lang='lat' dir='ltr'><strong>audeo</strong></span> <span class='ocrx_word' id='word_1_241' title='bbox 448 2056 627 2094; x_wconf 82' lang='lat' dir='ltr'><strong>scribere.</strong></span> <span class='ocrx_word' id='word_1_242' title='bbox 688 2056 766 2093; x_wconf 89' lang='lat' dir='ltr'><strong>Sed</strong></span> <span class='ocrx_word' id='word_1_243' title='bbox 788 2063 829 2092; x_wconf 91' lang='lat' dir='ltr'><strong>ut</strong></span> <span class='ocrx_word' id='word_1_244' title='bbox 859 2068 964 2092; x_wconf 88' lang='lat' dir='ltr'><strong>nunc</strong></span> <span class='ocrx_word' id='word_1_245' title='bbox 985 2063 1053 2100; x_wconf 87' lang='lat' dir='ltr'><strong>est,</strong></span> <span class='ocrx_word' id='word_1_246' title='bbox 1077 2068 1110 2092; x_wconf 85' lang='lat' dir='ltr'><strong>a.</strong></span> <span class='ocrx_word' id='word_1_247' title='bbox 1133 2056 1169 2093; x_wconf 93' lang='lat' dir='ltr'><strong>d.</strong></span> <span class='ocrx_word' id='word_1_248' title='bbox 1196 2067 1240 2092; x_wconf 93' lang='lat'><strong>111</strong></span> <span class='ocrx_word' id='word_1_249' title='bbox 1266 2056 1402 2093; x_wconf 84' lang='lat' dir='ltr'><strong>Nonas</strong></span> <span class='ocrx_word' id='word_1_250' title='bbox 1426 2056 1507 2093; x_wconf 77' lang='lat' dir='ltr'><strong>Ian.</strong></span> 
     </span>
     <span class='ocr_line' id='line_1_29' title="bbox 177 2121 547 2171; baseline 0 -13"><span class='ocrx_word' id='word_1_251' title='bbox 177 2122 228 2158; x_wconf 84' lang='lat' dir='ltr'><strong>ad</strong></span> <span class='ocrx_word' id='word_1_252' title='bbox 250 2122 386 2159; x_wconf 91' lang='lat' dir='ltr'><strong>urbem</strong></span> <span class='ocrx_word' id='word_1_253' title='bbox 407 2121 547 2171; x_wconf 79' lang='lat' dir='ltr'><strong>cogito.</strong></span> 
     </span>
    </p>
   </div>
   <div class='ocr_carea' id='block_1_4' title="bbox 178 2223 1509 2351">
    <p class='ocr_par' dir='ltr' id='par_1_4' title="bbox 178 2223 1509 2351">
     <span class='ocr_line' id='line_1_30' title="bbox 221 2223 1509 2264; baseline -0.002 -9"><span class='ocrx_word' id='word_1_254' title='bbox 221 2227 241 2255; x_wconf 89' lang='lat'>6</span> <span class='ocrx_word' id='word_1_255' title='bbox 265 2230 333 2255; x_wconf 86' lang='lat' dir='ltr'><strong>tum</strong></span> <span class='ocrx_word' id='word_1_256' title='bbox 352 2236 433 2256; x_wconf 86' lang='lat' dir='ltr'><strong>sane</strong></span> <span class='ocrx_word' id='word_1_257' title='bbox 457 2225 496 2255; x_wconf 88' lang='lat' dir='ltr'><strong>I:</strong></span> <span class='ocrx_word' id='word_1_258' title='bbox 521 2230 673 2256; x_wconf 76' lang='lat' dir='ltr'><strong>sanctum</strong></span> <span class='ocrx_word' id='word_1_259' title='bbox 700 2225 776 2254; x_wconf 68' lang='lat' dir='ltr'><strong>JW:</strong></span> <span class='ocrx_word' id='word_1_260' title='bbox 803 2230 871 2255; x_wconf 83' lang='lat' dir='ltr'><strong>tum</strong></span> <span class='ocrx_word' id='word_1_261' title='bbox 889 2229 1040 2254; x_wconf 84' lang='lat' dir='ltr'><strong>sanctum</strong></span> <span class='ocrx_word' id='word_1_262' title='bbox 1068 2223 1123 2253; x_wconf 82' lang='lat' dir='ltr'><strong>M·⁷</strong></span> <span class='ocrx_word' id='word_1_263' title='bbox 1279 2234 1295 2262; x_wconf 86' lang='lat'>7</span> <span class='ocrx_word' id='word_1_264' title='bbox 1322 2223 1380 2264; x_wconf 88' lang='lat' dir='ltr'><strong>ne]</strong></span> <span class='ocrx_word' id='word_1_265' title='bbox 1407 2234 1449 2253; x_wconf 91' lang='lat' dir='ltr'><strong>ne</strong></span> <span class='ocrx_word' id='word_1_266' title='bbox 1474 2228 1509 2253; x_wconf 86' lang='lat' dir='ltr'><strong>ut</strong></span> 
     </span>
     <span class='ocr_line' id='line_1_31' title="bbox 179 2267 1508 2307; baseline -0.001 -10"><span class='ocrx_word' id='word_1_267' title='bbox 179 2268 324 2298; x_wconf 81' lang='lat' dir='ltr'><strong>Bouhier</strong></span> <span class='ocrx_word' id='word_1_268' title='bbox 458 2279 495 2306; x_wconf 87' lang='lat'><strong>19</strong></span> <span class='ocrx_word' id='word_1_269' title='bbox 519 2272 593 2298; x_wconf 81' lang='lat' dir='ltr'><strong>ante</strong></span> <span class='ocrx_word' id='word_1_270' title='bbox 622 2268 746 2298; x_wconf 87' lang='lat' dir='ltr'><strong>Balbus</strong></span> <span class='ocrx_word' id='word_1_271' title='bbox 775 2268 850 2298; x_wconf 80' lang='lat' dir='ltr'><strong>add.</strong></span> <span class='ocrx_word' id='word_1_272' title='bbox 869 2273 901 2298; x_wconf 88' lang='lat' dir='ltr'><strong>et</strong></span> <span class='ocrx_word' id='word_1_273' title='bbox 926 2267 1064 2307; x_wconf 65' lang='lat' dir='ltr'><strong>Madmg</strong></span> <span class='ocrx_word' id='word_1_274' title='bbox 1252 2277 1294 2306; x_wconf 85' lang='lat'><strong>23</strong></span> <span class='ocrx_word' id='word_1_275' title='bbox 1318 2267 1414 2307; x_wconf 84' lang='lat' dir='ltr'><strong>quoi]</strong></span> <span class='ocrx_word' id='word_1_276' title='bbox 1441 2277 1508 2306; x_wconf 88' lang='lat' dir='ltr'><strong>quo</strong></span> 
     </span>
     <span class='ocr_line' id='line_1_32' title="bbox 178 2310 1266 2351; baseline 0.002 -11"><span class='ocrx_word' id='word_1_277' title='bbox 178 2310 231 2341; x_wconf 79' lang='lat' dir='ltr'><strong>M¹</strong></span> <span class='ocrx_word' id='word_1_278' title='bbox 249 2323 255 2341; x_wconf 90' lang='grc'>;</span> <span class='ocrx_word' id='word_1_279' title='bbox 279 2311 330 2341; x_wconf 83' lang='lat' dir='ltr'><strong>eui</strong></span> <span class='ocrx_word' id='word_1_280' title='bbox 348 2311 406 2340; x_wconf 82' lang='lat' dir='ltr'><em>M·-&#39;</em></span> <span class='ocrx_word' id='word_1_281' title='bbox 425 2322 530 2351; x_wconf 67' lang='lat' dir='ltr'><strong>marg.</strong></span> <span class='ocrx_word' id='word_1_282' title='bbox 667 2322 707 2350; x_wconf 86' lang='lat'><strong>24</strong></span> <span class='ocrx_word' id='word_1_283' title='bbox 733 2311 865 2342; x_wconf 88' lang='lat' dir='ltr'><strong>dederit</strong></span> <span class='ocrx_word' id='word_1_284' title='bbox 885 2311 968 2341; x_wconf 73' lang='lat' dir='ltr'><strong>Plus</strong></span> <span class='ocrx_word' id='word_1_285' title='bbox 985 2321 991 2340; x_wconf 92' lang='lat'><strong>:</strong></span> <span class='ocrx_word' id='word_1_286' title='bbox 1016 2311 1156 2341; x_wconf 83' lang='lat' dir='ltr'><strong>dederat</strong></span> <span class='ocrx_word' id='word_1_287' title='bbox 1180 2310 1266 2342; x_wconf 88' lang='lat' dir='ltr'><strong>codd.</strong></span> 
     </span>
    </p>
   </div>
  </div>
 </body>
</html>
