1773 2651
565 197 677 233 EPP.
711 197 787 233 AD
818 196 1077 234 ATTICVM
1378 195 1494 231 VIII.
1510 193 1540 230 ii

160 309 223 348 ille
254 309 369 356 misit,
393 309 431 347 in
462 308 622 359 publico
657 315 851 358 proponat
880 307 1008 346 velim.
1068 309 1220 346 Alteras
1250 308 1392 346 eodem
1425 306 1490 345 die

160 374 252 412 dedi
273 388 353 423 quo
380 375 450 412 has
476 374 526 412 ad
548 380 596 412 te.
657 374 750 410 Non
780 372 891 423 potui
918 386 999 411 non
1023 373 1126 418 dare,
1149 386 1240 410 cum
1270 380 1307 410 et
1334 372 1417 422 ipse
1439 371 1490 410 ad

160 452 224 476 me
258 438 474 488 scripsisset
508 444 546 476 et
578 438 736 476 Balbus.
797 439 943 475 Earum
982 438 1205 487 exemplum
1239 438 1289 475 ad
1321 444 1358 474 te
1389 435 1488 474 misi.

162 502 270 541 Nihil
299 503 464 541 arbitror
492 504 574 540 fore
603 503 711 552 quod
739 503 1013 552 reprehendas.
1073 501 1113 540 Si
1142 515 1220 551 qua
1243 509 1366 548 erunt,
1390 503 1491 540 doce

124 579 140 610 5
162 581 224 606 me
264 581 344 617 quo
377 568 498 605 modo
531 568 672 617 μέμψιν
705 568 874 617 effugere
908 567 1067 616 possim.
1143 566 1296 604 ‘Nihil'
1336 565 1534 616 inquie52

164 632 350 670 ‘omnino
385 632 607 682 scripseris.'
683 631 763 680 Qui
803 631 925 681 magis
964 631 1124 681 effugias
1159 644 1227 669 eos
1261 630 1328 680 qui
1359 633 1492 669 volent

162 699 338 747 fingere?
393 699 542 735 Verum
582 704 714 735 tamen
753 696 807 734 ita
845 696 999 743 faciam,
1038 697 1171 745 quoad
1210 696 1291 734 fieri
1336 695 1489 746 poterit.

163 763 267 800 Nam
295 763 404 811 quod
430 775 493 800 me
520 761 685 800 hortaris
712 763 763 800 ad
791 761 1021 800 memoriam
1052 762 1255 807 factorum,
1283 760 1490 807 dictorum,

163 827 397 877 scriptorum
425 826 542 865 etiam
573 840 762 873 meorum,
789 826 883 864 facis
907 826 1033 864 amice
1058 834 1099 864 tu
1127 825 1289 875 quidem
1317 825 1493 875 mihique

104 905 143 927 10
162 891 424 942 gratissimum
464 892 534 930 sed
574 891 670 929 mihi
703 891 845 929 videris
883 890 991 929 aliud
1026 898 1067 928 tu
1099 892 1311 929 honestum
1350 904 1494 940 meque

163 956 326 1007 dignum
347 956 387 994 in
418 957 491 994 hac
512 970 630 995 causa
656 955 829 995 iudicare
853 963 972 1005 atque
999 969 1072 1005 ego
1100 955 1330 993 existimem.
1390 954 1493 993 Mihi

162 1021 268 1059 enim
308 1020 404 1058 nihil
444 1022 522 1059 ulla
559 1020 598 1058 in
637 1029 753 1071 gente
792 1034 982 1071 umquam
1021 1021 1071 1059 ab
1111 1022 1191 1059 ullo
1235 1027 1395 1058 auctore
1440 1019 1493 1058 rei

163 1086 345 1136 publicae
365 1100 411 1124 ac
432 1087 533 1124 duce
555 1086 704 1136 turpius
725 1087 872 1124 factum
894 1099 978 1124 esse
999 1085 1153 1124 videtur
1177 1099 1295 1135 quam
1316 1099 1339 1123 a
1359 1092 1493 1123 nostro

162 1151 292 1189 amico
322 1152 469 1189 factum
499 1158 567 1190 est.
628 1151 783 1199 Quoius
813 1164 886 1201 ego
917 1150 1042 1189 vicem
1075 1152 1218 1197 dole03
1256 1150 1323 1200 qui
1355 1150 1492 1188 urbem

104 1228 143 1260 15
163 1216 328 1267 reliquit,
352 1216 391 1255 id
413 1224 470 1255 est
500 1216 679 1267 patriam,
699 1230 769 1267 pro
797 1230 875 1266 qua
898 1224 936 1255 et
963 1216 1003 1254 in
1024 1230 1102 1266 qua
1128 1215 1227 1254 mori
1251 1217 1493 1266 praeclarum

163 1281 245 1319 fuit.
307 1283 490 1331 Ignorare
522 1280 618 1318 mihi
656 1280 798 1319 videris
829 1282 927 1320 haec
966 1289 1114 1331 quanta
1151 1281 1199 1319 sit
1237 1282 1379 1320 clades.
1440 1283 1538 1325 Es3

163 1346 268 1385 enim
290 1346 407 1384 etiam
429 1360 535 1384 nunc
551 1346 661 1384 domi
683 1354 772 1384 tuae
793 1347 862 1385 sed
884 1346 1014 1384 invitis
1034 1346 1306 1396 perditissimis
1328 1346 1494 1385 homini-

164 1412 237 1450 bus
275 1425 360 1449 esse
391 1410 538 1450 diutius
573 1425 653 1449 non
688 1418 811 1461 potes.
873 1413 965 1450 Hoc
1005 1411 1193 1459 miserius,
1228 1413 1304 1450 hoc
1343 1410 1493 1461 turpius

163 1477 406 1527 quicquam?
462 1478 662 1526 Vagamur
690 1484 849 1526 egentes
884 1490 974 1515 cum
1005 1477 1239 1527 coniugibus
1269 1485 1307 1515 et
1337 1477 1492 1525 liberis3

105 1558 143 1579 20
162 1542 202 1580 in
234 1541 351 1580 unius
382 1541 554 1580 hominis
586 1542 798 1591 quotannis
833 1541 1053 1592 periculose
1091 1542 1328 1592 aegrotantis
1361 1541 1493 1580 anima

2 1599 4 1655 ἶ
164 1607 310 1658 positas
331 1606 460 1645 omnis
481 1614 632 1645 nostras
654 1620 743 1657 spes
764 1607 956 1645 habemus
973 1621 1053 1646 non
1075 1607 1225 1657 expulsi
1252 1609 1321 1647 sed
1342 1607 1493 1646 evocati

163 1687 209 1711 ex
239 1672 386 1723 patria3
415 1686 534 1721 quam
565 1686 646 1710 non
676 1674 909 1711 servandam
939 1673 989 1710 ad
1019 1672 1188 1710 reditum
1219 1680 1396 1711 nostrum
1424 1673 1493 1711 sed

163 1738 426 1788 diripiendam
447 1745 485 1775 et
506 1737 830 1776 inflammandam
852 1737 1091 1787 reliquimus.
1152 1739 1213 1776 Ita
1233 1737 1345 1776 multi
1365 1737 1495 1777 nobis-

166 1817 256 1841 cum
281 1805 403 1841 sunt?
433 1817 513 1841 non
534 1802 573 1840 in
599 1803 864 1841 suburbanis?
892 1817 973 1842 non
1002 1802 1042 1840 in
1070 1802 1221 1841 hortis?
1250 1817 1329 1841 non
1350 1803 1390 1841 in
1411 1803 1496 1854 ipsa

105 1881 144 1913 ²5
166 1870 284 1906 urbe?
313 1876 361 1914 et,
385 1867 416 1906 si
437 1882 543 1906 nunc
568 1875 669 1915 sunt,
693 1882 773 1906 non
800 1871 943 1907 erunt?
991 1870 1075 1907 Nos
1096 1868 1244 1907 interea
1263 1882 1312 1907 ne
1334 1870 1495 1919 Capuae

166 1933 327 1983 quidem
358 1934 427 1971 sed
458 1932 657 1979 Luceriae,
681 1940 719 1971 et
748 1946 855 1970 oram
881 1932 1042 1983 quidem
1073 1932 1308 1971 maritimam
1334 1933 1411 1972 iam
1441 1948 1495 1972 re-

165 1997 399 2047 linquemus,
424 1997 629 2035 Afranium
657 1997 972 2046 exspectabimus
996 2004 1033 2035 et
1058 1997 1265 2036 Petreium.
1326 2000 1430 2036 Nam
1454 1998 1494 2036 in

166 2062 343 2101 Labieno
364 2076 502 2112 parum
524 2069 581 2100 est
603 2061 813 2112 dignitatis,
875 2062 954 2100 Hic
976 2069 1017 2100 tu
1038 2062 1078 2100 in
1099 2076 1162 2101 me
1183 2093 1190 2100 .
1215 2093 1222 2100 .
1246 2093 1253 2100 .
1278 2062 1373 2102 illud
1398 2063 1496 2102 desi-

209 2176 227 2205 5
261 2166 378 2205 μέμψιν
405 2165 598 2201 Gronovius9
629 2164 665 2205 cs.
698 2165 767 2196 xiii.
803 2175 852 2203 13.
883 2176 921 2196 2:
965 2176 1042 2196 esse
1066 2160 1191 2196 M¹sz
1233 2166 1324 2196 enim
1350 2165 1424 2196 M2:
1457 2178 1496 2198 ea

165 2209 379 2250 Malaspina:
404 2220 422 2239 e
445 2220 545 2239 nassa
565 2208 714 2239 Brandt:
744 2209 814 2239 secl.
844 2209 963 2248 Baiter,
981 2210 1064 2247 sort,
1084 2213 1158 2239 recte
1182 2213 1219 2239 ut
1240 2221 1280 2239 ex
1303 2210 1361 2240 eff-
1385 2214 1496 2240 ortum

165 2255 186 2283 6
210 2253 276 2291 Qui
296 2253 342 2283 C:
365 2263 432 2291 quo
451 2252 491 2281 M
580 2262 615 2282 11
641 2252 798 2282 existimo
820 2251 1011 2292 Wesenberg
1097 2262 1205 2291 23-25
1231 2253 1299 2284 Ita.
1313 2277 1320 2284 .
1338 2278 1344 2284 .
1358 2258 1457 2283 erunt
1468 2253 1496 2294 3]

166 2297 210 2325 ita
230 2297 428 2335 interpunxit
450 2295 537 2325 Reid
623 2305 664 2334 25
688 2295 769 2325 urbe
790 2295 866 2327 add.
886 2296 907 2325 I
992 2306 1080 2326 nunc
1105 2295 1210 2326 Pius:
1234 2307 1304 2326 non
1328 2297 1370 2326 M
1455 2308 1495 2336 27

167 2344 201 2369 et
217 2338 292 2370 add.
311 2343 379 2369 vett.
482 2340 523 2368 28
543 2343 617 2378 post
632 2349 685 2369 me
701 2340 845 2378 spatium
864 2339 897 2369 iu
915 2339 957 2369 M
971 2339 1105 2369 sedecim
1121 2339 1301 2369 litterarum
1321 2340 1377 2370 nbi
1390 2340 1500 2371 insevit

168 2383 256 2413 idern
277 2382 409 2419 Sclziits,
429 2381 547 2421 ἀξίωμα
569 2383 617 2412 vel
637 2393 699 2413 voc.
723 2381 882 2413 Graecum
911 2382 1018 2413 simile
1048 2382 1172 2422 Tyrrell.
1221 2382 1288 2413 Pro
1316 2383 1396 2413 illud
1424 2385 1499 2424 legit

168 2425 260 2455 illum
285 2426 343 2457 (ie.
368 2426 465 2455 talem
489 2426 596 2464 qualis
611 2436 668 2465 ego
684 2425 757 2465 sui)
779 2425 962 2456 Gronovius
980 2426 1031 2467 (in
1049 2425 1172 2466 deleto),
1194 2426 1349 2457 Catulum
1368 2432 1400 2457 et
1414 2427 1496 2458 illud

168 2474 300 2508 tempus
318 2469 402 2499 Reid
415 2469 480 2500 coll.
499 2469 596 2500 Fam.
616 2469 660 2500 ix.
683 2479 728 2509 15.
747 2479 767 2507 3

1353 2514 1411 2544 16*
