1773 2651
687 529 857 566 LIBER
887 529 1129 567 TERTIVS

675 649 776 696 AD
829 648 1167 697 ATTICVM

298 780 322 816 Ῑ
435 783 505 814 Ser.
521 781 724 822 proficiscens
739 783 771 812 in
791 781 942 812 cut-silium
960 782 1005 812 in.
1026 793 1069 813 m.
1089 782 1172 823 Apr.
1193 793 1223 814 a.
1246 783 1310 823 696
1328 783 1414 826 (58).

669 869 845 900 CICERO
872 869 1044 900 ATTICO
1071 869 1169 900 SAL.

309 961 404 1000 CVM
437 968 553 998 autea
584 959 751 997 maxime
785 966 917 997 nostra
949 959 1135 997 interesse
1173 958 1387 998 arbitrabar
1424 967 1462 999 te
1500 974 1584 999 esse

253 1025 471 1071 nobiscum,
496 1033 578 1062 tum
600 1037 702 1070 vero,
727 1032 767 1061 ut
796 1023 869 1073 legi
900 1023 1155 1073 rogationem,
1179 1023 1350 1062 intellexi
1379 1026 1429 1063 ad
1454 1025 1525 1063 iter
1545 1025 1584 1063 id

253 1093 361 1141 quod
389 1090 574 1129 constitui
595 1089 691 1127 nihil
723 1089 817 1127 mihi
839 1090 1011 1139 optatius
1040 1091 1180 1128 cadere
1200 1103 1316 1140 posse
1337 1104 1456 1140 quam
1477 1098 1519 1128 ut
1544 1099 1585 1129 tu
1606 1109 1622 1139 5

255 1171 316 1195 me
338 1170 455 1206 quam
483 1156 651 1206 primum
684 1170 979 1206 consequerere,
1004 1163 1056 1202 ut,
1081 1169 1171 1194 cum
1202 1170 1249 1194 ex
1280 1155 1393 1194 Italia
1422 1157 1585 1206 profecti

255 1235 440 1268 essemus,
464 1221 543 1259 sive
564 1235 631 1271 per
654 1221 817 1271 Epirum
839 1220 910 1259 iter
932 1228 1033 1259 esset
1062 1220 1298 1266 faciendum,
1323 1228 1391 1259 tuo
1416 1229 1586 1259 tuorum-

254 1301 331 1337 que
369 1287 564 1338 praesidio
603 1294 810 1334 uteremur,
845 1286 925 1325 sive
960 1287 1067 1325 aliud
1102 1287 1199 1336 quid
1233 1288 1431 1336 agendum
1471 1295 1583 1334 esset,

254 1360 403 1391 certum
424 1351 632 1391 consilium
654 1353 703 1390 de
725 1359 791 1389 tua
812 1351 1006 1390 sententia
1027 1365 1166 1402 capere
1187 1365 1403 1402 possemus.
1454 1353 1585 1400 Quam

255 1419 307 1456 ob
328 1431 409 1456 rem
431 1425 467 1455 te
489 1431 557 1455 oro
581 1418 651 1455 des
678 1430 837 1466 operam
864 1424 905 1454 ut
933 1430 995 1455 me
1023 1416 1153 1455 statim
1181 1429 1447 1466 consequare;
1477 1418 1586 1466 quod
1610 1436 1647 1458 10

255 1497 304 1522 eo
333 1482 482 1521 facilius
513 1489 624 1532 potes
653 1481 841 1531 quoniam
871 1483 920 1520 de
946 1481 1147 1532 provincia
1174 1481 1413 1519 Macedonia
1440 1483 1586 1530 perlata

256 1550 316 1587 lex
337 1555 404 1586 est.
466 1547 645 1585 Pluribus
667 1546 794 1586 verbis
816 1554 947 1585 tecum
974 1560 1129 1597 agerem
1152 1545 1225 1584 nisi
1247 1559 1317 1596 pro
1338 1559 1401 1584 me
1420 1547 1527 1596 apud
1549 1553 1586 1584 te

256 1626 316 1652 res
337 1613 421 1662 ipsa
441 1614 673 1662 loqueretur.

301 1732 349 1766 ῙῙ
577 1733 644 1765 Scr.
662 1735 695 1764 in
709 1735 816 1765 itinere
832 1735 866 1765 vi
879 1734 926 1765 Id.
948 1734 1030 1773 Apr.
1052 1745 1082 1766 a.
1105 1734 1169 1774 696
1188 1735 1274 1774 (58).

674 1824 848 1854 CICERO
874 1823 1047 1855 ATTICO
1074 1823 1170 1855 SAL.
1611 1844 1646 1875 15

316 1912 469 1951 Itineris
500 1912 621 1951 nostri
651 1926 768 1950 causa
798 1912 868 1950 fuit
890 1914 998 1962 quod
1029 1926 1109 1951 non
1137 1914 1333 1952 habebam
1362 1915 1492 1951 locum
1521 1913 1587 1951 ubi

260 1991 331 2028 pro
361 1991 450 2016 meo
480 1977 561 2015 iure
591 1977 737 2015 diutius
768 1991 853 2016 esse
880 1991 1037 2027 possem
1068 1992 1185 2027 quam
1216 1978 1255 2016 in
1287 1979 1410 2016 fundo
1441 1978 1586 2024 Siccae,

261 2042 485 2093 praesertim
503 2043 681 2081 nondum
704 2042 904 2092 rogatione
925 2051 1108 2090 correcta,
1125 2051 1163 2081 et
1185 2043 1299 2080 simul
1314 2043 1588 2093 intellegebam

261 2122 307 2146 ex
338 2121 386 2146 eo
417 2108 516 2154 loco,
549 2107 579 2145 si
610 2115 647 2145 te
679 2107 875 2153 haberem,
908 2121 1024 2157 posse
1057 2121 1119 2145 me
1151 2107 1404 2145 Brundisium
1437 2109 1587 2153 referre,

262 2173 345 2211 sine
369 2181 407 2211 te
434 2180 565 2211 autem
592 2187 672 2211 non
698 2187 782 2211 esse
809 2173 923 2211 nobis
954 2173 1036 2210 illas
1067 2173 1184 2222 partis
1215 2174 1405 2211 tenendas
1433 2180 1590 2222 propter
1611 2191 1650 2212 20

263 2238 510 2276 Autronium.
572 2240 690 2275 Nunc
712 2246 752 2275 ut
773 2239 823 2275 ad
846 2245 882 2275 te
902 2246 1017 2275 antea
1038 2238 1183 2287 scripsi,
1208 2238 1236 2275 si
1258 2239 1307 2275 ad
1334 2251 1405 2275 nos
1426 2238 1587 2283 veneris,

307 2343 328 2371 6
352 2351 600 2380 consequerere
635 2340 842 2379 Ilecnberg:
877 2350 1085 2379 consequare
1110 2340 1198 2371 codd.
1357 2351 1395 2371 10
1429 2341 1519 2380 quod
1551 2351 1591 2371 eo

266 2385 352 2416 Crat.
366 2384 484 2416 Lamb.
502 2384 644 2415 Bosi'ns:
669 2394 733 2414 om.
750 2383 836 2414 codd.
932 2394 968 2422 17
988 2385 1020 2413 in
1035 2385 1137 2414 fundo
1150 2388 1220 2414 vett.
1241 2395 1248 2414 ι
1274 2384 1307 2414 in
1326 2385 1465 2415 fundum
1477 2384 1565 2415 codd.
1585 2395 1591 2414 :

265 2439 329 2459 om.
352 2429 384 2458 in
405 2429 432 2459 C
519 2438 556 2467 19
580 2433 613 2458 te
633 2428 675 2458 C:
701 2431 793 2458 recte
808 2426 861 2456 M2
877 2437 883 2457 :
907 2426 944 2457 de
961 2426 1014 2457 Ml
1041 2437 1105 2457 non
1123 2427 1219 2468 liquet
1234 2438 1241 2458 ε
1265 2427 1330 2458 iter
1345 2427 1464 2459 codices
1480 2428 1567 2458 ceteri
