1732 2661
706 143 1026 181 PRAEFATIO

199 252 244 291 iv.
272 268 300 291 1.
327 267 543 301 43121v.
572 267 601 290 1.
629 266 768 302 3313.
796 266 840 301 3:
876 266 935 288 20.
963 265 1008 300 3:
1042 252 1086 288 vi.
1117 265 1244 298 1.22‚·
1278 265 1309 288 2.
1336 263 1380 299 7:
1410 249 1473 289 vii.
1500 265 1531 289 1.

198 333 247 367 4;
281 322 338 357 18.
366 334 411 368 3:
442 319 518 356 viii.
546 331 578 368 5.
606 333 649 365 1,·
683 331 713 367 7.
742 333 786 365 13
814 317 875 354 xii.
904 332 959 355 12.
989 331 1031 364 1,·
1068 331 1124 366 13.
1152 331 1195 356 1:
1226 317 1302 355 xiii.
1329 331 1439 368 3.1;
1474 332 1531 355 10.

198 398 245 434 33
281 399 336 431 14.
366 399 411 432 23
443 399 502 422 20.
527 399 572 422 2:
604 384 676 422 xiv.
704 398 761 421 12.
787 398 833 421 2:
862 397 922 420 xv.
950 396 983 431 3.
1011 397 1054 430 1,·
1084 382 1156 420 xvi.
1183 385 1217 420 6.
1245 397 1278 433 3.
1338 383 1416 421 Sed
1444 381 1475 421 si
1503 384 1531 423 Σ

197 458 235 488 et
260 455 292 487 Δ
321 449 420 488 inter
447 463 488 488 se
513 451 618 487 solos
645 448 889 488 commiseris
917 461 1048 497 neque
1075 449 1126 485 de
1152 448 1318 486 aliorum
1345 448 1529 486 codicum

197 514 432 553 lectionibus
453 522 700 564 compertum
722 512 905 551 habueris
922 527 1035 562 aegre
1051 514 1218 551 alterum
1235 514 1357 552 altero
1374 513 1531 550 maioris

196 578 293 629 preti
324 579 516 617 inveneris
546 577 618 617 etsi
646 578 801 617 videtur
833 577 978 615 trutina
1008 578 1059 616 ad
1092 578 1122 619 Σ
1156 577 1322 615 minimo
1357 579 1530 627 quodam

196 651 401 682 momento
429 643 551 693 magis
582 643 782 683 inclinare.
842 644 920 680 Sed
951 643 1193 692 ubicumque
1223 641 1397 681 alterutri
1422 644 1530 681 aliud

195 710 399 759 quoddam
436 707 577 747 adferri
616 716 746 758 potest
786 715 1045 755 momentum,
1083 709 1187 746 velut
1227 709 1282 746 W
1305 709 1367 746 vel
1403 709 1441 747 C
1470 710 1529 746 vel

199 777 307 813 Crat.
328 775 388 812 vel
409 775 450 820 Z,
473 781 556 812 tum
579 773 769 812 iudicium
791 781 942 810 eertum
967 772 1048 810 fieri
1071 780 1200 822 potest
1222 772 1286 823 (ef.
1307 773 1527 819 Lehmann,

195 846 250 888 op.
272 840 328 877 [it.
350 853 385 889 p.
412 841 480 876 181
506 837 622 889 sqq).

250 906 389 954 Itaque
410 905 486 942 hoe
508 911 674 942 stemma
696 904 774 941 sere
796 902 999 940 constituit
1023 903 1230 941 Lehmann
1251 902 1305 954 (p.
1333 902 1434 953 179).

604 1018 820 1058 Archetypus
840 1018 870 1098 1⁴¹<

333 1159 357 1185 ’Υ
1093 1158 1118 1184 Ω

341 1199 344 1237 1
1101 1196 1106 1238 ι
1279 1240 1370 1244 ,ἢ

234 1249 237 1287 Ι
406 1256 428 1303 1,
562 1250 568 1287 1
750 1247 754 1330 l

221 1292 249 1322 C
383 1293 417 1322 Hs
548 1290 578 1320 Z

195 1335 273 1366 Crat
741 1339 763 1365 Σ
1363 1338 1391 1418 ΙΔ

607 1423 612 1468 l
890 1435 893 1465 1
1064 1424 1070 1467 1
1238 1426 1243 1467 Ι
1502 1426 1508 1472 Ι

599 1475 627 1555 ΙΙῚ
873 1471 905 1500 E
1058 1474 1081 1549 (ἴ)
1223 1471 1264 1500 M
1495 1482 1512 1502 s

426 1559 431 1606 Ι
794 1562 798 1602 1
946 1561 950 1605 Ι
1083 1553 1167 1604 fi!

408 1608 445 1638 N
679 1621 699 1637 π
775 1606 813 1635 H
932 1607 961 1637 O
1088 1627 1094 1635 ι
1146 1608 1178 1637 l)

946 1650 1029 1681 Ant.
1144 1649 1177 1679 R

943 1694 1027 1724 Rav.
1141 1694 1175 1724 F

242 1788 400 1824 Litterae
438 1790 603 1824 Graecae
641 1789 798 1823 maiores
837 1788 999 1823 indicant
1035 1788 1182 1822 codices
1217 1789 1277 1833 qui
1313 1801 1386 1824 non
1422 1802 1522 1825 com—

192 1854 318 1891 parent
341 1848 405 1881 sed
428 1855 610 1893 ponuntur
632 1855 669 1882 ut
692 1848 776 1881 inde
795 1854 1039 1891 cognoscatur
1057 1859 1129 1892 quo
1149 1848 1260 1882 modo
1278 1848 1425 1883 codices
1446 1849 1520 1884 noti

191 1905 411 1949 cognatione
430 1913 468 1941 ut
488 1906 538 1940 ita
557 1905 677 1940 dicam
698 1905 791 1940 inter
809 1917 848 1939 se
867 1912 1146 1941 connectantur.

246 2009 293 2046 In
316 2015 422 2046 tem]
444 2007 558 2058 igitur
585 2016 626 2045 ut
652 2006 761 2057 potui
783 2007 1062 2046 constituendo
1085 2009 1232 2045 nullam
1255 2021 1397 2046 novam
1420 2009 1521 2048 viam

190 2074 385 2124 ingressus
419 2087 516 2119 sum,
555 2075 746 2111 rationem
780 2073 1003 2111 Lehmanni
1038 2075 1116 2111 fere
1152 2087 1307 2123 semper
1341 2083 1522 2113 secutus:

190 2141 244 2176 nil
272 2139 345 2177 nisi
373 2140 499 2188 parvis
527 2139 682 2177 indiciis
710 2140 816 2177 unde
841 2139 957 2177 lectio
982 2153 1164 2189 quaeque
1188 2139 1311 2177 dubia
1332 2139 1520 2188 originem

190 2203 342 2242 duxerit
369 2218 528 2254 quoque
555 2205 677 2242 modo
703 2204 862 2242 codices
887 2206 1018 2243 adbuc
1042 2204 1126 2242 noti
1152 2204 1251 2242 inter
1278 2218 1319 2242 se
1340 2212 1522 2242 constent

191 2277 406 2307 monstrare
423 2283 509 2306 sum
527 2276 703 2307 conatus.
754 2269 923 2308 Minime
939 2269 1100 2319 quidem
1119 2270 1158 2306 in
1175 2276 1308 2306 mente
1324 2269 1521 2307 habebam

191 2342 420 2384 apparatum
441 2342 483 2372 ut
500 2342 641 2372 vocant
663 2335 840 2372 criticum
863 2335 1054 2381 ordinare,
1074 2335 1181 2384 quod
1203 2347 1312 2384 opus,
1334 2348 1519 2384 magnum

191 2414 283 2438 sane
319 2407 357 2438 et
392 2412 534 2449 magno
570 2413 687 2449 opere
723 2400 1040 2445 desiderandum,
1079 2412 1209 2451 neque
1243 2400 1347 2449 leges
1382 2401 1519 2437 harum
