<?xml version="1.0" encoding="UTF-8"?>
<!DOCTYPE html PUBLIC "-//W3C//DTD XHTML 1.0 Transitional//EN"
    "http://www.w3.org/TR/xhtml1/DTD/xhtml1-transitional.dtd">
<html xmlns="http://www.w3.org/1999/xhtml" xml:lang="en" lang="en">
 <head>
  <title>
</title>
<meta http-equiv="Content-Type" content="text/html;charset=utf-8" />
  <meta name='ocr-system' content='tesseract 3.04.00' />
  <meta name='ocr-capabilities' content='ocr_page ocr_carea ocr_par ocr_line ocrx_word'/>
</head>
<body>
  <div class='ocr_page' id='page_1' title='image "./p1epistulaerecog02ciceuoft_0154.png"; bbox 0 0 1773 2651; ppageno 0'>
   <div class='ocr_carea' id='block_1_1' title="bbox 139 169 1244 209">
    <p class='ocr_par' dir='ltr' id='par_1_1' title="bbox 139 169 1244 209">
     <span class='ocr_line' id='line_1_1' title="bbox 139 169 1244 209; baseline 0.002 -3"><span class='ocrx_word' id='word_1_1' title='bbox 139 169 208 206; x_wconf 87' lang='lat' dir='ltr'>IV.</span> <span class='ocrx_word' id='word_1_2' title='bbox 227 169 304 204; x_wconf 87' lang='lat' dir='ltr'>xvi</span> <span class='ocrx_word' id='word_1_3' title='bbox 648 171 702 206; x_wconf 85' lang='lat' dir='ltr'>M.</span> <span class='ocrx_word' id='word_1_4' title='bbox 737 171 905 207; x_wconf 75' lang='lat' dir='ltr'>TVLLI</span> <span class='ocrx_word' id='word_1_5' title='bbox 937 171 1244 209; x_wconf 77' lang='lat' dir='ltr'>CICERONIS</span> 
     </span>
    </p>
   </div>
   <div class='ocr_carea' id='block_1_2' title="bbox 30 282 1680 1504">
    <p class='ocr_par' dir='ltr' id='par_1_2' title="bbox 285 282 1617 515">
     <span class='ocr_line' id='line_1_2' title="bbox 288 282 1615 334; baseline 0.002 -15"><span class='ocrx_word' id='word_1_6' title='bbox 288 296 463 327; x_wconf 81' lang='lat' dir='ltr'>munere,</span> <span class='ocrx_word' id='word_1_7' title='bbox 484 282 701 321; x_wconf 77' lang='lat' dir='ltr'>Memmius</span> <span class='ocrx_word' id='word_1_8' title='bbox 718 282 897 321; x_wconf 74' lang='lat' dir='ltr'>Caesaris</span> <span class='ocrx_word' id='word_1_9' title='bbox 918 285 1219 321; x_wconf 78' lang='lat' dir='ltr'>commendetur</span> <span class='ocrx_word' id='word_1_10' title='bbox 1235 283 1436 331; x_wconf 78' lang='lat' dir='ltr'>militibus,</span> <span class='ocrx_word' id='word_1_11' title='bbox 1451 283 1615 334; x_wconf 86' lang='lat' dir='ltr'>Pompei</span> 
     </span>
     <span class='ocr_line' id='line_1_3' title="bbox 288 346 1615 397; baseline 0.002 -13"><span class='ocrx_word' id='word_1_12' title='bbox 288 347 415 385; x_wconf 83' lang='lat' dir='ltr'>Gallia</span> <span class='ocrx_word' id='word_1_13' title='bbox 435 347 587 385; x_wconf 86' lang='lat' dir='ltr'>nitatur.</span> <span class='ocrx_word' id='word_1_14' title='bbox 651 347 807 395; x_wconf 84' lang='lat' dir='ltr'>Quibus</span> <span class='ocrx_word' id='word_1_15' title='bbox 828 346 859 383; x_wconf 91' lang='lat' dir='ltr'>si</span> <span class='ocrx_word' id='word_1_16' title='bbox 881 361 962 384; x_wconf 88' lang='lat' dir='ltr'>non</span> <span class='ocrx_word' id='word_1_17' title='bbox 982 348 1158 391; x_wconf 86' lang='lat' dir='ltr'>valuerit,</span> <span class='ocrx_word' id='word_1_18' title='bbox 1178 356 1318 397; x_wconf 87' lang='lat' dir='ltr'>putant</span> <span class='ocrx_word' id='word_1_19' title='bbox 1342 349 1423 385; x_wconf 87' lang='lat' dir='ltr'>fore</span> <span class='ocrx_word' id='word_1_20' title='bbox 1443 348 1615 397; x_wconf 81' lang='lat' dir='ltr'>aliquem</span> 
     </span>
     <span class='ocr_line' id='line_1_4' title="bbox 287 412 1617 462; baseline 0.002 -14"><span class='ocrx_word' id='word_1_21' title='bbox 287 412 354 461; x_wconf 90' lang='lat' dir='ltr'>qui</span> <span class='ocrx_word' id='word_1_22' title='bbox 383 412 542 450; x_wconf 82' lang='lat' dir='ltr'>comitia</span> <span class='ocrx_word' id='word_1_23' title='bbox 574 412 613 449; x_wconf 86' lang='lat' dir='ltr'>in</span> <span class='ocrx_word' id='word_1_24' title='bbox 642 413 859 450; x_wconf 85' lang='lat' dir='ltr'>adventum</span> <span class='ocrx_word' id='word_1_25' title='bbox 895 412 1073 450; x_wconf 75' lang='lat' dir='ltr'>Caesaris</span> <span class='ocrx_word' id='word_1_26' title='bbox 1102 414 1296 458; x_wconf 87' lang='lat' dir='ltr'>detrudat,</span> <span class='ocrx_word' id='word_1_27' title='bbox 1330 414 1482 451; x_wconf 85' lang='lat' dir='ltr'>Catone</span> <span class='ocrx_word' id='word_1_28' title='bbox 1511 426 1617 462; x_wconf 86' lang='lat' dir='ltr'>prae-</span> 
     </span>
     <span class='ocr_line' id='line_1_5' title="bbox 285 477 640 515; baseline 0.003 -1"><span class='ocrx_word' id='word_1_29' title='bbox 285 477 417 514; x_wconf 82' lang='lat' dir='ltr'>sertim</span> <span class='ocrx_word' id='word_1_30' title='bbox 448 478 640 515; x_wconf 83' lang='lat' dir='ltr'>absoluto.</span> 
     </span>
    </p>

    <p class='ocr_par' dir='ltr' id='par_1_3' title="bbox 30 542 1680 1102">
     <span class='ocr_line' id='line_1_6' title="bbox 30 542 1654 597; baseline 0.001 -19"><span class='ocrx_word' id='word_1_31' title='bbox 30 548 129 597; x_wconf 64' lang='lat' dir='ltr'>(xm,</span> <span class='ocrx_word' id='word_1_32' title='bbox 159 547 222 597; x_wconf 84' lang='lat'>15)</span> <span class='ocrx_word' id='word_1_33' title='bbox 244 557 267 595; x_wconf 94' lang='lat'><strong>7</strong></span> <span class='ocrx_word' id='word_1_34' title='bbox 342 542 557 580; x_wconf 75' lang='lat' dir='ltr'>Paccianae</span> <span class='ocrx_word' id='word_1_35' title='bbox 578 542 769 591; x_wconf 85' lang='lat' dir='ltr'>epistulae</span> <span class='ocrx_word' id='word_1_36' title='bbox 797 542 994 592; x_wconf 83' lang='lat' dir='ltr'>respondi.</span> <span class='ocrx_word' id='word_1_37' title='bbox 1056 545 1173 581; x_wconf 88' lang='lat' dir='ltr'>Nunc</span> <span class='ocrx_word' id='word_1_38' title='bbox 1195 551 1232 581; x_wconf 89' lang='lat' dir='ltr'>te</span> <span class='ocrx_word' id='word_1_39' title='bbox 1257 543 1451 593; x_wconf 80' lang='lat' dir='ltr'>obiurgari</span> <span class='ocrx_word' id='word_1_40' title='bbox 1472 550 1613 593; x_wconf 87' lang='lat' dir='ltr'>patere,</span> <span class='ocrx_word' id='word_1_41' title='bbox 1636 555 1654 586; x_wconf 84' lang='lat'>5</span> 
     </span>
     <span class='ocr_line' id='line_1_7' title="bbox 286 606 1617 657; baseline 0 -14"><span class='ocrx_word' id='word_1_42' title='bbox 286 606 316 643; x_wconf 89' lang='lat' dir='ltr'>si</span> <span class='ocrx_word' id='word_1_43' title='bbox 340 606 430 644; x_wconf 86' lang='lat' dir='ltr'>iure.</span> <span class='ocrx_word' id='word_1_44' title='bbox 492 606 637 644; x_wconf 80' lang='lat' dir='ltr'>Scribis</span> <span class='ocrx_word' id='word_1_45' title='bbox 669 607 775 644; x_wconf 89' lang='lat' dir='ltr'>enim</span> <span class='ocrx_word' id='word_1_46' title='bbox 811 606 850 643; x_wconf 93' lang='lat' dir='ltr'>in</span> <span class='ocrx_word' id='word_1_47' title='bbox 890 621 936 644; x_wconf 89' lang='lat' dir='ltr'>ea</span> <span class='ocrx_word' id='word_1_48' title='bbox 975 607 1142 657; x_wconf 83' lang='lat' dir='ltr'>epistula</span> <span class='ocrx_word' id='word_1_49' title='bbox 1180 622 1298 657; x_wconf 88' lang='lat' dir='ltr'>quam</span> <span class='ocrx_word' id='word_1_50' title='bbox 1335 609 1378 646; x_wconf 80' lang='lat' dir='ltr'>C.</span> <span class='ocrx_word' id='word_1_51' title='bbox 1414 606 1617 644; x_wconf 76' lang='lat' dir='ltr'>Decimius</span> 
     </span>
     <span class='ocr_line' id='line_1_8' title="bbox 288 670 1617 709; baseline 0.001 -2"><span class='ocrx_word' id='word_1_52' title='bbox 288 670 383 708; x_wconf 90' lang='lat' dir='ltr'>mihi</span> <span class='ocrx_word' id='word_1_53' title='bbox 413 670 585 708; x_wconf 77' lang='lat' dir='ltr'>reddidit</span> <span class='ocrx_word' id='word_1_54' title='bbox 617 672 811 709; x_wconf 83' lang='lat' dir='ltr'>Buthroto</span> <span class='ocrx_word' id='word_1_55' title='bbox 838 673 971 709; x_wconf 86' lang='lat' dir='ltr'>datam</span> <span class='ocrx_word' id='word_1_56' title='bbox 999 671 1038 709; x_wconf 91' lang='lat' dir='ltr'>in</span> <span class='ocrx_word' id='word_1_57' title='bbox 1064 672 1199 709; x_wconf 86' lang='lat' dir='ltr'>Asiam</span> <span class='ocrx_word' id='word_1_58' title='bbox 1230 672 1300 709; x_wconf 85' lang='lat' dir='ltr'>tibi</span> <span class='ocrx_word' id='word_1_59' title='bbox 1330 673 1505 709; x_wconf 88' lang='lat' dir='ltr'>eundum</span> <span class='ocrx_word' id='word_1_60' title='bbox 1533 685 1617 709; x_wconf 89' lang='lat' dir='ltr'>esse</span> 
     </span>
     <span class='ocr_line' id='line_1_9' title="bbox 288 735 1618 786; baseline 0 -13"><span class='ocrx_word' id='word_1_61' title='bbox 288 744 324 774; x_wconf 81' lang='lat' dir='ltr'>te</span> <span class='ocrx_word' id='word_1_62' title='bbox 348 736 534 773; x_wconf 85' lang='lat' dir='ltr'>arbitrari.</span> <span class='ocrx_word' id='word_1_63' title='bbox 596 736 698 773; x_wconf 82' lang='lat' dir='ltr'>Mihi</span> <span class='ocrx_word' id='word_1_64' title='bbox 730 750 792 774; x_wconf 88' lang='lat' dir='ltr'>me</span> <span class='ocrx_word' id='word_1_65' title='bbox 817 737 976 774; x_wconf 86' lang='lat' dir='ltr'>hercule</span> <span class='ocrx_word' id='word_1_66' title='bbox 1001 737 1097 774; x_wconf 88' lang='lat' dir='ltr'>nihil</span> <span class='ocrx_word' id='word_1_67' title='bbox 1118 737 1325 775; x_wconf 80' lang='lat' dir='ltr'>videbatur</span> <span class='ocrx_word' id='word_1_68' title='bbox 1354 750 1439 774; x_wconf 85' lang='lat' dir='ltr'>esse</span> <span class='ocrx_word' id='word_1_69' title='bbox 1469 735 1507 773; x_wconf 92' lang='lat' dir='ltr'>in</span> <span class='ocrx_word' id='word_1_70' title='bbox 1538 750 1618 786; x_wconf 89' lang='lat' dir='ltr'>quo</span> 
     </span>
     <span class='ocr_line' id='line_1_10' title="bbox 288 801 1618 852; baseline -0.001 -13"><span class='ocrx_word' id='word_1_71' title='bbox 288 804 481 840; x_wconf 85' lang='lat' dir='ltr'>tantulum</span> <span class='ocrx_word' id='word_1_72' title='bbox 499 801 703 840; x_wconf 84' lang='lat' dir='ltr'>interesset</span> <span class='ocrx_word' id='word_1_73' title='bbox 725 809 855 839; x_wconf 92' lang='lat' dir='ltr'>utrum</span> <span class='ocrx_word' id='word_1_74' title='bbox 876 816 945 851; x_wconf 87' lang='lat' dir='ltr'>per</span> <span class='ocrx_word' id='word_1_75' title='bbox 971 810 1241 852; x_wconf 82' lang='lat' dir='ltr'>procuratores</span> <span class='ocrx_word' id='word_1_76' title='bbox 1262 815 1394 851; x_wconf 77' lang='lat' dir='ltr'>ageres</span> <span class='ocrx_word' id='word_1_77' title='bbox 1415 815 1465 838; x_wconf 89' lang='lat' dir='ltr'>an</span> <span class='ocrx_word' id='word_1_78' title='bbox 1493 815 1560 851; x_wconf 90' lang='lat' dir='ltr'>per</span> <span class='ocrx_word' id='word_1_79' title='bbox 1581 809 1618 839; x_wconf 92' lang='lat' dir='ltr'>te</span> 
     </span>
     <span class='ocr_line' id='line_1_11' title="bbox 286 867 1680 917; baseline 0 -13"><span class='ocrx_word' id='word_1_80' title='bbox 286 867 425 917; x_wconf 85' lang='lat' dir='ltr'>ipsum,</span> <span class='ocrx_word' id='word_1_81' title='bbox 459 874 501 904; x_wconf 92' lang='lat' dir='ltr'>ut</span> <span class='ocrx_word' id='word_1_82' title='bbox 530 881 553 904; x_wconf 88' lang='lat' dir='ltr'>a</span> <span class='ocrx_word' id='word_1_83' title='bbox 583 867 659 904; x_wconf 90' lang='lat' dir='ltr'>tuis</span> <span class='ocrx_word' id='word_1_84' title='bbox 689 867 833 905; x_wconf 89' lang='lat' dir='ltr'>totiens</span> <span class='ocrx_word' id='word_1_85' title='bbox 863 874 902 905; x_wconf 89' lang='lat' dir='ltr'>et</span> <span class='ocrx_word' id='word_1_86' title='bbox 931 874 1011 904; x_wconf 86' lang='lat' dir='ltr'>tam</span> <span class='ocrx_word' id='word_1_87' title='bbox 1041 868 1157 916; x_wconf 79' lang='lat' dir='ltr'>longe</span> <span class='ocrx_word' id='word_1_88' title='bbox 1186 867 1354 905; x_wconf 89' lang='lat' dir='ltr'>abesses.</span> <span class='ocrx_word' id='word_1_89' title='bbox 1415 868 1492 905; x_wconf 86' lang='lat' dir='ltr'>Sed</span> <span class='ocrx_word' id='word_1_90' title='bbox 1521 867 1618 904; x_wconf 85' lang='lat' dir='ltr'>haec</span> <span class='ocrx_word' id='word_1_91' title='bbox 1641 879 1680 900; x_wconf 93' lang='lat'>10</span> 
     </span>
     <span class='ocr_line' id='line_1_12' title="bbox 288 931 1618 982; baseline 0 -13"><span class='ocrx_word' id='word_1_92' title='bbox 288 934 443 970; x_wconf 89' lang='lat' dir='ltr'>mallem</span> <span class='ocrx_word' id='word_1_93' title='bbox 477 931 626 982; x_wconf 75' lang='lat' dir='ltr'>integra</span> <span class='ocrx_word' id='word_1_94' title='bbox 660 946 700 970; x_wconf 87' lang='lat' dir='ltr'>re</span> <span class='ocrx_word' id='word_1_95' title='bbox 732 940 863 970; x_wconf 88' lang='lat' dir='ltr'>tecum</span> <span class='ocrx_word' id='word_1_96' title='bbox 898 932 1076 982; x_wconf 80' lang='lat' dir='ltr'>egissem,</span> <span class='ocrx_word' id='word_1_97' title='bbox 1112 933 1290 982; x_wconf 89' lang='lat' dir='ltr'>profecto</span> <span class='ocrx_word' id='word_1_98' title='bbox 1324 931 1429 970; x_wconf 89' lang='lat' dir='ltr'>enim</span> <span class='ocrx_word' id='word_1_99' title='bbox 1469 932 1618 981; x_wconf 88' lang='lat' dir='ltr'>aliquid</span> 
     </span>
     <span class='ocr_line' id='line_1_13' title="bbox 287 997 1619 1048; baseline 0 -13"><span class='ocrx_word' id='word_1_100' title='bbox 287 998 463 1048; x_wconf 80' lang='lat' dir='ltr'>egissem.</span> <span class='ocrx_word' id='word_1_101' title='bbox 525 1000 644 1036; x_wconf 85' lang='lat' dir='ltr'>Nunc</span> <span class='ocrx_word' id='word_1_102' title='bbox 672 998 880 1048; x_wconf 87' lang='lat' dir='ltr'>reprimam</span> <span class='ocrx_word' id='word_1_103' title='bbox 903 1007 1126 1048; x_wconf 83' lang='lat' dir='ltr'>susceptam</span> <span class='ocrx_word' id='word_1_104' title='bbox 1154 997 1478 1047; x_wconf 80' lang='lat' dir='ltr'>obiurgationem.</span> <span class='ocrx_word' id='word_1_105' title='bbox 1538 997 1619 1035; x_wconf 66' lang='lat' dir='ltr'>Vti-</span> 
     </span>
     <span class='ocr_line' id='line_1_14' title="bbox 288 1063 1127 1102; baseline 0.001 -2"><span class='ocrx_word' id='word_1_106' title='bbox 288 1078 378 1101; x_wconf 88' lang='lat' dir='ltr'>nam</span> <span class='ocrx_word' id='word_1_107' title='bbox 400 1065 525 1102; x_wconf 75' lang='lat' dir='ltr'>valeat</span> <span class='ocrx_word' id='word_1_108' title='bbox 546 1065 597 1102; x_wconf 90' lang='lat' dir='ltr'>ad</span> <span class='ocrx_word' id='word_1_109' title='bbox 619 1063 858 1102; x_wconf 88' lang='lat' dir='ltr'>celeritatem</span> <span class='ocrx_word' id='word_1_110' title='bbox 880 1063 1026 1101; x_wconf 88' lang='lat' dir='ltr'>reditus</span> <span class='ocrx_word' id='word_1_111' title='bbox 1048 1063 1127 1101; x_wconf 79' lang='lat' dir='ltr'>tui!</span> 
     </span>
    </p>

    <p class='ocr_par' dir='ltr' id='par_1_4' title="bbox 287 1129 1679 1504">
     <span class='ocr_line' id='line_1_15' title="bbox 343 1129 1619 1179; baseline -0.001 -12"><span class='ocrx_word' id='word_1_112' title='bbox 343 1132 428 1179; x_wconf 80' lang='lat' dir='ltr'>Ego</span> <span class='ocrx_word' id='word_1_113' title='bbox 448 1131 498 1168; x_wconf 89' lang='lat' dir='ltr'>ad</span> <span class='ocrx_word' id='word_1_114' title='bbox 520 1137 557 1168; x_wconf 93' lang='lat' dir='ltr'>te</span> <span class='ocrx_word' id='word_1_115' title='bbox 578 1137 785 1179; x_wconf 88' lang='lat' dir='ltr'>propterea</span> <span class='ocrx_word' id='word_1_116' title='bbox 805 1129 935 1167; x_wconf 89' lang='lat' dir='ltr'>minus</span> <span class='ocrx_word' id='word_1_117' title='bbox 956 1143 1073 1179; x_wconf 90' lang='lat' dir='ltr'>saepe</span> <span class='ocrx_word' id='word_1_118' title='bbox 1094 1129 1222 1168; x_wconf 86' lang='lat' dir='ltr'>scribo</span> <span class='ocrx_word' id='word_1_119' title='bbox 1244 1131 1351 1179; x_wconf 89' lang='lat' dir='ltr'>quod</span> <span class='ocrx_word' id='word_1_120' title='bbox 1369 1137 1516 1168; x_wconf 87' lang='lat' dir='ltr'>certum</span> <span class='ocrx_word' id='word_1_121' title='bbox 1539 1143 1619 1167; x_wconf 91' lang='lat' dir='ltr'>non</span> 
     </span>
     <span class='ocr_line' id='line_1_16' title="bbox 287 1194 1679 1241; baseline -0.001 -8"><span class='ocrx_word' id='word_1_122' title='bbox 287 1196 416 1233; x_wconf 88' lang='lat' dir='ltr'>haheo</span> <span class='ocrx_word' id='word_1_123' title='bbox 446 1195 513 1233; x_wconf 88' lang='lat' dir='ltr'>ubi</span> <span class='ocrx_word' id='word_1_124' title='bbox 544 1195 595 1232; x_wconf 91' lang='lat' dir='ltr'>sis</span> <span class='ocrx_word' id='word_1_125' title='bbox 625 1203 692 1232; x_wconf 88' lang='lat' dir='ltr'>aut</span> <span class='ocrx_word' id='word_1_126' title='bbox 722 1194 790 1232; x_wconf 85' lang='lat' dir='ltr'>ubi</span> <span class='ocrx_word' id='word_1_127' title='bbox 815 1196 967 1232; x_wconf 89' lang='lat' dir='ltr'>futurus</span> <span class='ocrx_word' id='word_1_128' title='bbox 994 1194 1069 1241; x_wconf 79' lang='lat' dir='ltr'>sis;</span> <span class='ocrx_word' id='word_1_129' title='bbox 1100 1194 1192 1232; x_wconf 87' lang='lat' dir='ltr'>huic</span> <span class='ocrx_word' id='word_1_130' title='bbox 1222 1202 1354 1232; x_wconf 86' lang='lat' dir='ltr'>tamen</span> <span class='ocrx_word' id='word_1_131' title='bbox 1382 1194 1515 1232; x_wconf 89' lang='lat' dir='ltr'>nescio</span> <span class='ocrx_word' id='word_1_132' title='bbox 1543 1194 1616 1240; x_wconf 89' lang='lat' dir='ltr'>cui,</span> <span class='ocrx_word' id='word_1_133' title='bbox 1642 1207 1679 1238; x_wconf 88' lang='lat'>15</span> 
     </span>
     <span class='ocr_line' id='line_1_17' title="bbox 288 1258 1619 1310; baseline -0.001 -12"><span class='ocrx_word' id='word_1_134' title='bbox 288 1261 395 1310; x_wconf 89' lang='lat' dir='ltr'>quod</span> <span class='ocrx_word' id='word_1_135' title='bbox 435 1260 642 1298; x_wconf 76' lang='lat' dir='ltr'>videbatur</span> <span class='ocrx_word' id='word_1_136' title='bbox 680 1258 742 1297; x_wconf 78' lang='lat' dir='ltr'>isti</span> <span class='ocrx_word' id='word_1_137' title='bbox 782 1265 815 1297; x_wconf 76' lang='lat' dir='ltr'>le</span> <span class='ocrx_word' id='word_1_138' title='bbox 852 1259 1003 1297; x_wconf 83' lang='lat' dir='ltr'>visurus</span> <span class='ocrx_word' id='word_1_139' title='bbox 1040 1273 1140 1306; x_wconf 76' lang='lat' dir='ltr'>esse,</span> <span class='ocrx_word' id='word_1_140' title='bbox 1173 1258 1306 1309; x_wconf 88' lang='lat' dir='ltr'>putavi</span> <span class='ocrx_word' id='word_1_141' title='bbox 1345 1260 1496 1298; x_wconf 90' lang='lat' dir='ltr'>dandas</span> <span class='ocrx_word' id='word_1_142' title='bbox 1535 1274 1619 1297; x_wconf 92' lang='lat' dir='ltr'>esse</span> 
     </span>
     <span class='ocr_line' id='line_1_18' title="bbox 288 1323 1619 1374; baseline -0.001 -12"><span class='ocrx_word' id='word_1_143' title='bbox 288 1325 444 1363; x_wconf 88' lang='lat' dir='ltr'>litteras.</span> <span class='ocrx_word' id='word_1_144' title='bbox 503 1326 566 1362; x_wconf 87' lang='lat' dir='ltr'>Tu</span> <span class='ocrx_word' id='word_1_145' title='bbox 599 1324 786 1374; x_wconf 85' lang='lat' dir='ltr'>quoniam</span> <span class='ocrx_word' id='word_1_146' title='bbox 820 1323 964 1361; x_wconf 88' lang='lat' dir='ltr'>iturum</span> <span class='ocrx_word' id='word_1_147' title='bbox 995 1330 1032 1361; x_wconf 92' lang='lat' dir='ltr'>te</span> <span class='ocrx_word' id='word_1_148' title='bbox 1063 1323 1102 1361; x_wconf 92' lang='lat' dir='ltr'>in</span> <span class='ocrx_word' id='word_1_149' title='bbox 1132 1323 1268 1361; x_wconf 88' lang='lat' dir='ltr'>Asiam</span> <span class='ocrx_word' id='word_1_150' title='bbox 1299 1337 1384 1362; x_wconf 87' lang='lat' dir='ltr'>esse</span> <span class='ocrx_word' id='word_1_151' title='bbox 1414 1331 1537 1373; x_wconf 84' lang='lat' dir='ltr'>putas,</span> <span class='ocrx_word' id='word_1_152' title='bbox 1570 1326 1619 1362; x_wconf 86' lang='lat' dir='ltr'>ad</span> 
     </span>
     <span class='ocr_line' id='line_1_19' title="bbox 288 1387 1621 1439; baseline 0 -12"><span class='ocrx_word' id='word_1_153' title='bbox 288 1403 390 1439; x_wconf 86' lang='lat' dir='ltr'>quae</span> <span class='ocrx_word' id='word_1_154' title='bbox 411 1397 589 1439; x_wconf 91' lang='lat' dir='ltr'>tempora</span> <span class='ocrx_word' id='word_1_155' title='bbox 616 1397 654 1427; x_wconf 89' lang='lat' dir='ltr'>te</span> <span class='ocrx_word' id='word_1_156' title='bbox 681 1396 956 1439; x_wconf 80' lang='lat' dir='ltr'>exspectemus</span> <span class='ocrx_word' id='word_1_157' title='bbox 980 1387 1098 1427; x_wconf 88' lang='lat' dir='ltr'>facias</span> <span class='ocrx_word' id='word_1_158' title='bbox 1126 1402 1189 1427; x_wconf 88' lang='lat' dir='ltr'>me</span> <span class='ocrx_word' id='word_1_159' title='bbox 1216 1388 1420 1427; x_wconf 87' lang='lat' dir='ltr'>certiorem</span> <span class='ocrx_word' id='word_1_160' title='bbox 1442 1389 1558 1427; x_wconf 73' lang='lat' dir='ltr'>velim</span> <span class='ocrx_word' id='word_1_161' title='bbox 1583 1396 1621 1427; x_wconf 93' lang='lat' dir='ltr'>et</span> 
     </span>
     <span class='ocr_line' id='line_1_20' title="bbox 289 1453 857 1504; baseline -0.002 -11"><span class='ocrx_word' id='word_1_162' title='bbox 289 1456 339 1493; x_wconf 88' lang='lat' dir='ltr'>de</span> <span class='ocrx_word' id='word_1_163' title='bbox 361 1454 584 1504; x_wconf 82' lang='lat' dir='ltr'>Eutychide</span> <span class='ocrx_word' id='word_1_164' title='bbox 605 1453 701 1504; x_wconf 89' lang='lat' dir='ltr'>quid</span> <span class='ocrx_word' id='word_1_165' title='bbox 722 1453 857 1504; x_wconf 82' lang='lat' dir='ltr'>egeris.</span> 
     </span>
    </p>
   </div>
   <div class='ocr_carea' id='block_1_3' title="bbox 333 1560 1682 1667">
    <p class='ocr_par' dir='ltr' id='par_1_5' title="bbox 333 1560 1682 1667">
     <span class='ocr_line' id='line_1_21' title="bbox 333 1560 1682 1607; baseline 0.001 -11"><span class='ocrx_word' id='word_1_166' title='bbox 333 1562 468 1597; x_wconf 89' lang='lat' dir='ltr'>XVII</span> <span class='ocrx_word' id='word_1_167' title='bbox 489 1560 682 1606; x_wconf 86' lang='lat' dir='ltr'>[XVIII]</span> <span class='ocrx_word' id='word_1_168' title='bbox 731 1564 799 1596; x_wconf 74' lang='lat' dir='ltr'>Ser.</span> <span class='ocrx_word' id='word_1_169' title='bbox 820 1564 950 1595; x_wconf 81' lang='lat' dir='ltr'>Romae</span> <span class='ocrx_word' id='word_1_170' title='bbox 965 1564 1009 1596; x_wconf 89' lang='lat' dir='ltr'>K.</span> <span class='ocrx_word' id='word_1_171' title='bbox 1031 1565 1100 1596; x_wconf 83' lang='lat' dir='ltr'>Oct.</span> <span class='ocrx_word' id='word_1_172' title='bbox 1121 1575 1151 1596; x_wconf 85' lang='lat' dir='ltr'>a.</span> <span class='ocrx_word' id='word_1_173' title='bbox 1173 1575 1231 1604; x_wconf 87' lang='lat'>700</span> <span class='ocrx_word' id='word_1_174' title='bbox 1250 1564 1338 1607; x_wconf 73' lang='lat'>(54).</span> <span class='ocrx_word' id='word_1_175' title='bbox 1644 1577 1682 1598; x_wconf 90' lang='lat'>20</span> 
     </span>
     <span class='ocr_line' id='line_1_22' title="bbox 705 1635 1203 1667; baseline 0.002 -1"><span class='ocrx_word' id='word_1_176' title='bbox 705 1635 880 1666; x_wconf 79' lang='lat' dir='ltr'>CICERO</span> <span class='ocrx_word' id='word_1_177' title='bbox 905 1635 1077 1666; x_wconf 85' lang='lat' dir='ltr'>ATTICO</span> <span class='ocrx_word' id='word_1_178' title='bbox 1104 1635 1203 1667; x_wconf 84' lang='lat' dir='ltr'>SAL.</span> 
     </span>
    </p>
   </div>
   <div class='ocr_carea' id='block_1_4' title="bbox 252 1707 1680 2088">
    <p class='ocr_par' dir='ltr' id='par_1_6' title="bbox 252 1707 1680 2088">
     <span class='ocr_line' id='line_1_23' title="bbox 252 1707 1622 1747; baseline -0.001 0"><span class='ocrx_word' id='word_1_179' title='bbox 252 1720 268 1746; x_wconf 92' lang='lat'>1</span> <span class='ocrx_word' id='word_1_180' title='bbox 345 1712 446 1747; x_wconf 87' lang='lat' dir='ltr'>Puto</span> <span class='ocrx_word' id='word_1_181' title='bbox 481 1717 519 1747; x_wconf 86' lang='lat' dir='ltr'>te</span> <span class='ocrx_word' id='word_1_182' title='bbox 559 1709 779 1747; x_wconf 80' lang='lat' dir='ltr'>existimare</span> <span class='ocrx_word' id='word_1_183' title='bbox 818 1722 881 1746; x_wconf 90' lang='lat' dir='ltr'>me</span> <span class='ocrx_word' id='word_1_184' title='bbox 916 1722 1022 1746; x_wconf 87' lang='lat' dir='ltr'>nunc</span> <span class='ocrx_word' id='word_1_185' title='bbox 1056 1707 1224 1746; x_wconf 86' lang='lat' dir='ltr'>oblitum</span> <span class='ocrx_word' id='word_1_186' title='bbox 1256 1708 1553 1747; x_wconf 85' lang='lat' dir='ltr'>consuetudinis</span> <span class='ocrx_word' id='word_1_187' title='bbox 1584 1716 1622 1746; x_wconf 91' lang='lat' dir='ltr'>et</span> 
     </span>
     <span class='ocr_line' id='line_1_24' title="bbox 289 1774 1622 1823; baseline -0.002 -10"><span class='ocrx_word' id='word_1_188' title='bbox 289 1775 455 1813; x_wconf 87' lang='lat' dir='ltr'>instituti</span> <span class='ocrx_word' id='word_1_189' title='bbox 478 1774 554 1812; x_wconf 87' lang='lat' dir='ltr'>mei</span> <span class='ocrx_word' id='word_1_190' title='bbox 576 1774 696 1812; x_wconf 87' lang='lat' dir='ltr'>rarius</span> <span class='ocrx_word' id='word_1_191' title='bbox 716 1776 767 1812; x_wconf 90' lang='lat' dir='ltr'>ad</span> <span class='ocrx_word' id='word_1_192' title='bbox 790 1782 827 1812; x_wconf 87' lang='lat' dir='ltr'>te</span> <span class='ocrx_word' id='word_1_193' title='bbox 849 1774 1017 1812; x_wconf 89' lang='lat' dir='ltr'>scribere</span> <span class='ocrx_word' id='word_1_194' title='bbox 1039 1787 1159 1823; x_wconf 87' lang='lat' dir='ltr'>quam</span> <span class='ocrx_word' id='word_1_195' title='bbox 1180 1774 1380 1821; x_wconf 80' lang='lat' dir='ltr'>solebam;</span> <span class='ocrx_word' id='word_1_196' title='bbox 1407 1775 1477 1811; x_wconf 87' lang='lat' dir='ltr'>sed</span> <span class='ocrx_word' id='word_1_197' title='bbox 1499 1787 1622 1822; x_wconf 90' lang='lat' dir='ltr'>quon-</span> 
     </span>
     <span class='ocr_line' id='line_1_25' title="bbox 288 1838 1620 1888; baseline -0.002 -10"><span class='ocrx_word' id='word_1_198' title='bbox 288 1841 367 1879; x_wconf 86' lang='lat' dir='ltr'>iam</span> <span class='ocrx_word' id='word_1_199' title='bbox 394 1842 480 1878; x_wconf 87' lang='lat' dir='ltr'>loca</span> <span class='ocrx_word' id='word_1_200' title='bbox 508 1848 545 1878; x_wconf 91' lang='lat' dir='ltr'>et</span> <span class='ocrx_word' id='word_1_201' title='bbox 577 1839 715 1877; x_wconf 89' lang='lat' dir='ltr'>itinera</span> <span class='ocrx_word' id='word_1_202' title='bbox 742 1847 809 1877; x_wconf 90' lang='lat' dir='ltr'>tua</span> <span class='ocrx_word' id='word_1_203' title='bbox 840 1839 937 1877; x_wconf 89' lang='lat' dir='ltr'>nihil</span> <span class='ocrx_word' id='word_1_204' title='bbox 964 1839 1109 1877; x_wconf 88' lang='lat' dir='ltr'>habere</span> <span class='ocrx_word' id='word_1_205' title='bbox 1139 1838 1233 1877; x_wconf 88' lang='lat' dir='ltr'>certi</span> <span class='ocrx_word' id='word_1_206' title='bbox 1260 1838 1386 1885; x_wconf 88' lang='lat' dir='ltr'>video,</span> <span class='ocrx_word' id='word_1_207' title='bbox 1419 1853 1548 1888; x_wconf 88' lang='lat' dir='ltr'>neque</span> <span class='ocrx_word' id='word_1_208' title='bbox 1580 1839 1620 1876; x_wconf 90' lang='lat' dir='ltr'>in</span> 
     </span>
     <span class='ocr_line' id='line_1_26' title="bbox 290 1903 1680 1956; baseline -0.003 -12"><span class='ocrx_word' id='word_1_209' title='bbox 290 1906 453 1956; x_wconf 89' lang='lat' dir='ltr'>Epirum</span> <span class='ocrx_word' id='word_1_210' title='bbox 486 1919 616 1955; x_wconf 90' lang='lat' dir='ltr'>neque</span> <span class='ocrx_word' id='word_1_211' title='bbox 640 1907 818 1943; x_wconf 88' lang='lat' dir='ltr'>Athenas</span> <span class='ocrx_word' id='word_1_212' title='bbox 851 1918 981 1954; x_wconf 90' lang='lat' dir='ltr'>neque</span> <span class='ocrx_word' id='word_1_213' title='bbox 1012 1904 1053 1941; x_wconf 90' lang='lat' dir='ltr'>in</span> <span class='ocrx_word' id='word_1_214' title='bbox 1078 1904 1213 1942; x_wconf 86' lang='lat' dir='ltr'>Asiam</span> <span class='ocrx_word' id='word_1_215' title='bbox 1248 1903 1432 1953; x_wconf 88' lang='lat' dir='ltr'>cuiquam</span> <span class='ocrx_word' id='word_1_216' title='bbox 1464 1903 1538 1941; x_wconf 87' lang='lat' dir='ltr'>nisi</span> <span class='ocrx_word' id='word_1_217' title='bbox 1569 1905 1619 1942; x_wconf 87' lang='lat' dir='ltr'>ad</span> <span class='ocrx_word' id='word_1_218' title='bbox 1642 1918 1680 1950; x_wconf 87' lang='lat'>25</span> 
     </span>
     <span class='ocr_line' id='line_1_27' title="bbox 289 1968 1622 2022; baseline -0.002 -13"><span class='ocrx_word' id='word_1_219' title='bbox 289 1980 326 2010; x_wconf 90' lang='lat' dir='ltr'>te</span> <span class='ocrx_word' id='word_1_220' title='bbox 354 1971 482 2022; x_wconf 88' lang='lat' dir='ltr'>ipsum</span> <span class='ocrx_word' id='word_1_221' title='bbox 510 1970 774 2020; x_wconf 87' lang='lat' dir='ltr'>proficiscenti</span> <span class='ocrx_word' id='word_1_222' title='bbox 802 1970 895 2009; x_wconf 90' lang='lat' dir='ltr'>dedi</span> <span class='ocrx_word' id='word_1_223' title='bbox 924 1970 1078 2008; x_wconf 84' lang='lat' dir='ltr'>litteras.</span> <span class='ocrx_word' id='word_1_224' title='bbox 1139 1971 1280 2019; x_wconf 87' lang='lat' dir='ltr'>Neque</span> <span class='ocrx_word' id='word_1_225' title='bbox 1311 1968 1416 2007; x_wconf 86' lang='lat' dir='ltr'>enim</span> <span class='ocrx_word' id='word_1_226' title='bbox 1443 1982 1505 2006; x_wconf 78' lang='lat' dir='ltr'>eae</span> <span class='ocrx_word' id='word_1_227' title='bbox 1531 1976 1622 2006; x_wconf 91' lang='lat' dir='ltr'>sunt</span> 
     </span>
     <span class='ocr_line' id='line_1_28' title="bbox 288 2033 1622 2088; baseline -0.004 -12"><span class='ocrx_word' id='word_1_228' title='bbox 288 2037 477 2088; x_wconf 85' lang='lat' dir='ltr'>epistulae</span> <span class='ocrx_word' id='word_1_229' title='bbox 502 2044 658 2074; x_wconf 89' lang='lat' dir='ltr'>nostrae</span> <span class='ocrx_word' id='word_1_230' title='bbox 683 2050 784 2086; x_wconf 85' lang='lat' dir='ltr'>quae</span> <span class='ocrx_word' id='word_1_231' title='bbox 809 2036 839 2074; x_wconf 91' lang='lat' dir='ltr'>si</span> <span class='ocrx_word' id='word_1_232' title='bbox 867 2037 1037 2086; x_wconf 88' lang='lat' dir='ltr'>perlatae</span> <span class='ocrx_word' id='word_1_233' title='bbox 1062 2049 1142 2074; x_wconf 90' lang='lat' dir='ltr'>non</span> <span class='ocrx_word' id='word_1_234' title='bbox 1167 2035 1243 2073; x_wconf 88' lang='lat' dir='ltr'>sint</span> <span class='ocrx_word' id='word_1_235' title='bbox 1270 2033 1366 2072; x_wconf 91' lang='lat' dir='ltr'>nihil</span> <span class='ocrx_word' id='word_1_236' title='bbox 1391 2048 1436 2072; x_wconf 90' lang='lat' dir='ltr'>ea</span> <span class='ocrx_word' id='word_1_237' title='bbox 1463 2048 1522 2072; x_wconf 90' lang='lat' dir='ltr'>res</span> <span class='ocrx_word' id='word_1_238' title='bbox 1550 2048 1622 2072; x_wconf 91' lang='lat' dir='ltr'>nos</span> 
     </span>
    </p>
   </div>
   <div class='ocr_carea' id='block_1_5' title="bbox 288 2138 1622 2484">
    <p class='ocr_par' dir='ltr' id='par_1_7' title="bbox 288 2138 1622 2484">
     <span class='ocr_line' id='line_1_29' title="bbox 335 2138 1621 2180; baseline -0.003 -9"><span class='ocrx_word' id='word_1_239' title='bbox 335 2152 348 2172; x_wconf 90' lang='lat'>1</span> <span class='ocrx_word' id='word_1_240' title='bbox 379 2141 515 2180; x_wconf 84' lang='lat' dir='ltr'>Pompei</span> <span class='ocrx_word' id='word_1_241' title='bbox 544 2141 654 2171; x_wconf 84' lang='lat' dir='ltr'>Gallia</span> <span class='ocrx_word' id='word_1_242' title='bbox 675 2141 737 2180; x_wconf 83' lang='lat' dir='ltr'>M1,</span> <span class='ocrx_word' id='word_1_243' title='bbox 775 2141 830 2171; x_wconf 71' lang='lat' dir='ltr'>vix</span> <span class='ocrx_word' id='word_1_244' title='bbox 853 2140 1035 2170; x_wconf 71' lang='lat' dir='ltr'>tolerabile:</span> <span class='ocrx_word' id='word_1_245' title='bbox 1064 2140 1202 2178; x_wconf 87' lang='lat' dir='ltr'>Pompei</span> <span class='ocrx_word' id='word_1_246' title='bbox 1227 2138 1334 2177; x_wconf 79' lang='lat' dir='ltr'>gratia</span> <span class='ocrx_word' id='word_1_247' title='bbox 1359 2138 1434 2168; x_wconf 70' lang='lat' dir='ltr'>M2:</span> <span class='ocrx_word' id='word_1_248' title='bbox 1461 2138 1621 2177; x_wconf 88' lang='lat' dir='ltr'>Pompeio</span> 
     </span>
     <span class='ocr_line' id='line_1_30' title="bbox 289 2179 1622 2216; baseline -0.002 -1"><span class='ocrx_word' id='word_1_249' title='bbox 289 2190 322 2216; x_wconf 87' lang='lat' dir='ltr'>et</span> <span class='ocrx_word' id='word_1_250' title='bbox 340 2185 448 2216; x_wconf 85' lang='lat' dir='ltr'>Gallia</span> <span class='ocrx_word' id='word_1_251' title='bbox 466 2184 552 2214; x_wconf 69' lang='lat' dir='ltr'>Reid</span> <span class='ocrx_word' id='word_1_252' title='bbox 637 2195 675 2215; x_wconf 93' lang='lat'>10</span> <span class='ocrx_word' id='word_1_253' title='bbox 701 2190 734 2214; x_wconf 89' lang='lat' dir='ltr'>ut</span> <span class='ocrx_word' id='word_1_254' title='bbox 749 2195 768 2214; x_wconf 87' lang='lat' dir='ltr'>a</span> <span class='ocrx_word' id='word_1_255' title='bbox 780 2184 846 2214; x_wconf 89' lang='lat' dir='ltr'>tuis</span> <span class='ocrx_word' id='word_1_256' title='bbox 858 2184 935 2214; x_wconf 83' lang='lat' dir='ltr'>coni.</span> <span class='ocrx_word' id='word_1_257' title='bbox 947 2183 1053 2212; x_wconf 83' lang='lat' dir='ltr'>Boot:</span> <span class='ocrx_word' id='word_1_258' title='bbox 1071 2182 1217 2212; x_wconf 87' lang='lat' dir='ltr'>mutabis</span> <span class='ocrx_word' id='word_1_259' title='bbox 1227 2179 1281 2212; x_wconf 90' lang='lat' dir='ltr'>M:</span> <span class='ocrx_word' id='word_1_260' title='bbox 1304 2185 1339 2210; x_wconf 87' lang='lat' dir='ltr'>ut</span> <span class='ocrx_word' id='word_1_261' title='bbox 1349 2181 1461 2211; x_wconf 86' lang='lat' dir='ltr'>abires</span> <span class='ocrx_word' id='word_1_262' title='bbox 1472 2181 1622 2212; x_wconf 77' lang='lat' dir='ltr'>Ernesti:</span> 
     </span>
     <span class='ocr_line' id='line_1_31' title="bbox 289 2223 1617 2261; baseline -0.004 -2"><span class='ocrx_word' id='word_1_263' title='bbox 289 2234 324 2259; x_wconf 91' lang='lat' dir='ltr'>ut</span> <span class='ocrx_word' id='word_1_264' title='bbox 350 2240 369 2259; x_wconf 87' lang='lat' dir='ltr'>a</span> <span class='ocrx_word' id='word_1_265' title='bbox 396 2229 491 2258; x_wconf 88' lang='lat' dir='ltr'>nobis</span> <span class='ocrx_word' id='word_1_266' title='bbox 516 2228 594 2259; x_wconf 81' lang='lat' dir='ltr'><em>coni.</em></span> <span class='ocrx_word' id='word_1_267' title='bbox 616 2227 788 2257; x_wconf 61' lang='lat' dir='ltr'>Meutzner</span> <span class='ocrx_word' id='word_1_268' title='bbox 919 2226 1059 2261; x_wconf 64' lang='lat' dir='ltr'>totiens]</span> <span class='ocrx_word' id='word_1_269' title='bbox 1087 2230 1135 2256; x_wconf 90' lang='lat' dir='ltr'>tot</span> <span class='ocrx_word' id='word_1_270' title='bbox 1160 2225 1231 2254; x_wconf 87' lang='lat' dir='ltr'>dies</span> <span class='ocrx_word' id='word_1_271' title='bbox 1255 2223 1430 2254; x_wconf 64' lang='lat' dir='ltr'>Meutsner</span> <span class='ocrx_word' id='word_1_272' title='bbox 1583 2235 1617 2254; x_wconf 89' lang='lat'>11</span> 
     </span>
     <span class='ocr_line' id='line_1_32' title="bbox 288 2267 1621 2311; baseline -0.004 -8"><span class='ocrx_word' id='word_1_273' title='bbox 288 2273 401 2311; x_wconf 86' lang='lat' dir='ltr'>egisse</span> <span class='ocrx_word' id='word_1_274' title='bbox 418 2271 470 2301; x_wconf 60' lang='lat' dir='ltr'>M*</span> <span class='ocrx_word' id='word_1_275' title='bbox 493 2271 681 2311; x_wconf 64' lang='lat' dir='ltr'>lVesenbetg</span> <span class='ocrx_word' id='word_1_276' title='bbox 826 2271 862 2298; x_wconf 89' lang='lat'>16</span> <span class='ocrx_word' id='word_1_277' title='bbox 888 2270 940 2299; x_wconf 84' lang='lat' dir='ltr'>isti</span> <span class='ocrx_word' id='word_1_278' title='bbox 966 2273 997 2298; x_wconf 89' lang='lat' dir='ltr'>te</span> <span class='ocrx_word' id='word_1_279' title='bbox 1023 2268 1146 2298; x_wconf 67' lang='lat' dir='ltr'>Mulier</span> <span class='ocrx_word' id='word_1_280' title='bbox 1160 2272 1236 2307; x_wconf 80' lang='lat' dir='ltr'>post</span> <span class='ocrx_word' id='word_1_281' title='bbox 1254 2267 1394 2307; x_wconf 61' lang='lat' dir='ltr'>llffadvzsg</span> <span class='ocrx_word' id='word_1_282' title='bbox 1417 2268 1476 2308; x_wconf 79' lang='lat' dir='ltr'>qui</span> <span class='ocrx_word' id='word_1_283' title='bbox 1496 2268 1570 2298; x_wconf 85' lang='lat' dir='ltr'>istic</span> <span class='ocrx_word' id='word_1_284' title='bbox 1588 2273 1621 2298; x_wconf 90' lang='lat' dir='ltr'>te</span> 
     </span>
     <span class='ocr_line' id='line_1_33' title="bbox 288 2310 1621 2350; baseline -0.004 -4"><span class='ocrx_word' id='word_1_285' title='bbox 288 2316 436 2346; x_wconf 78' lang='lat' dir='ltr'>dederat:</span> <span class='ocrx_word' id='word_1_286' title='bbox 463 2326 527 2346; x_wconf 83' lang='lat' dir='ltr'>om.</span> <span class='ocrx_word' id='word_1_287' title='bbox 548 2320 581 2345; x_wconf 89' lang='lat' dir='ltr'>te</span> <span class='ocrx_word' id='word_1_288' title='bbox 600 2313 653 2343; x_wconf 90' lang='lat' dir='ltr'>M¹</span> <span class='ocrx_word' id='word_1_289' title='bbox 835 2322 876 2342; x_wconf 85' lang='lat'>22</span> <span class='ocrx_word' id='word_1_290' title='bbox 903 2322 990 2342; x_wconf 87' lang='lat' dir='ltr'>nunc</span> <span class='ocrx_word' id='word_1_291' title='bbox 1008 2311 1110 2342; x_wconf 78' lang='lat' dir='ltr'>Pius:</span> <span class='ocrx_word' id='word_1_292' title='bbox 1140 2321 1207 2341; x_wconf 88' lang='lat' dir='ltr'>non</span> <span class='ocrx_word' id='word_1_293' title='bbox 1226 2310 1267 2340; x_wconf 93' lang='lat' dir='ltr'><em>M</em></span> <span class='ocrx_word' id='word_1_294' title='bbox 1397 2321 1437 2349; x_wconf 83' lang='lat'>23</span> <span class='ocrx_word' id='word_1_295' title='bbox 1461 2312 1621 2350; x_wconf 87' lang='lat' dir='ltr'>quoniam</span> 
     </span>
     <span class='ocr_line' id='line_1_34' title="bbox 292 2354 1621 2396; baseline -0.003 -6"><span class='ocrx_word' id='word_1_296' title='bbox 292 2359 412 2390; x_wconf 72' lang='lat' dir='ltr'>Orelli:</span> <span class='ocrx_word' id='word_1_297' title='bbox 452 2369 525 2389; x_wconf 84' lang='lat' dir='ltr'>cum</span> <span class='ocrx_word' id='word_1_298' title='bbox 559 2358 599 2387; x_wconf 91' lang='lat' dir='ltr'><em>M</em></span> <span class='ocrx_word' id='word_1_299' title='bbox 731 2367 770 2396; x_wconf 81' lang='lat'>25</span> <span class='ocrx_word' id='word_1_300' title='bbox 805 2355 959 2394; x_wconf 85' lang='lat' dir='ltr'>cuiquam</span> <span class='ocrx_word' id='word_1_301' title='bbox 996 2355 1204 2394; x_wconf 74' lang='lat' dir='ltr'>Wesenberg:</span> <span class='ocrx_word' id='word_1_302' title='bbox 1239 2365 1349 2393; x_wconf 86' lang='lat' dir='ltr'>neque</span> <span class='ocrx_word' id='word_1_303' title='bbox 1382 2356 1535 2394; x_wconf 81' lang='lat' dir='ltr'>cuiquam</span> <span class='ocrx_word' id='word_1_304' title='bbox 1559 2354 1621 2386; x_wconf 93' lang='lat' dir='ltr'>M:</span> 
     </span>
     <span class='ocr_line' id='line_1_35' title="bbox 290 2397 1618 2441; baseline -0.003 -9"><span class='ocrx_word' id='word_1_305' title='bbox 290 2413 402 2441; x_wconf 90' lang='lat' dir='ltr'>neque</span> <span class='ocrx_word' id='word_1_306' title='bbox 414 2412 580 2441; x_wconf 86' lang='lat' dir='ltr'>quoquam</span> <span class='ocrx_word' id='word_1_307' title='bbox 598 2401 752 2440; x_wconf 87' lang='lat' dir='ltr'>cuiquam</span> <span class='ocrx_word' id='word_1_308' title='bbox 772 2399 879 2435; x_wconf 71' lang='lat' dir='ltr'>Klotz,</span> <span class='ocrx_word' id='word_1_309' title='bbox 906 2398 963 2429; x_wconf 83' lang='lat' dir='ltr'>sed</span> <span class='ocrx_word' id='word_1_310' title='bbox 985 2409 1151 2438; x_wconf 89' lang='lat' dir='ltr'>quoquam</span> <span class='ocrx_word' id='word_1_311' title='bbox 1177 2397 1269 2437; x_wconf 78' lang='lat' dir='ltr'>apud</span> <span class='ocrx_word' id='word_1_312' title='bbox 1292 2398 1473 2428; x_wconf 77' lang='lat' dir='ltr'>Ciceronem</span> <span class='ocrx_word' id='word_1_313' title='bbox 1496 2399 1618 2428; x_wconf 71' lang='lat' dir='ltr'>ram&#39;ssi—</span> 
     </span>
     <span class='ocr_line' id='line_1_36' title="bbox 291 2440 1599 2484; baseline -0.003 -9"><span class='ocrx_word' id='word_1_314' title='bbox 291 2456 376 2478; x_wconf 80' lang='lat' dir='ltr'>num</span> <span class='ocrx_word' id='word_1_315' title='bbox 389 2457 402 2484; x_wconf 81' lang='lat'><em>;</em></span> <span class='ocrx_word' id='word_1_316' title='bbox 427 2456 466 2476; x_wconf 84' lang='lat' dir='ltr'>ne</span> <span class='ocrx_word' id='word_1_317' title='bbox 484 2445 569 2476; x_wconf 57' lang='lat' dir='ltr'>Vera</span> <span class='ocrx_word' id='word_1_318' title='bbox 590 2455 620 2476; x_wconf 91' lang='lat' dir='ltr'>v.</span> <span class='ocrx_word' id='word_1_319' title='bbox 637 2453 679 2483; x_wconf 80' lang='lat'>45</span> <span class='ocrx_word' id='word_1_320' title='bbox 697 2443 826 2484; x_wconf 82' lang='lat' dir='ltr'>quidem</span> <span class='ocrx_word' id='word_1_321' title='bbox 844 2445 965 2473; x_wconf 82' lang='lat' dir='ltr'>certum</span> <span class='ocrx_word' id='word_1_322' title='bbox 982 2445 1027 2472; x_wconf 83' lang='lat' dir='ltr'>est</span> <span class='ocrx_word' id='word_1_323' title='bbox 1157 2443 1199 2471; x_wconf 89' lang='lat'>26</span> <span class='ocrx_word' id='word_1_324' title='bbox 1223 2451 1283 2472; x_wconf 84' lang='lat' dir='ltr'>eae</span> <span class='ocrx_word' id='word_1_325' title='bbox 1301 2440 1422 2472; x_wconf 80' lang='lat' dir='ltr'>Lamb.</span> <span class='ocrx_word' id='word_1_326' title='bbox 1438 2453 1445 2471; x_wconf 89' lang='lat'>:</span> <span class='ocrx_word' id='word_1_327' title='bbox 1469 2452 1533 2471; x_wconf 84' lang='lat' dir='ltr'>om.</span> <span class='ocrx_word' id='word_1_328' title='bbox 1556 2440 1599 2471; x_wconf 94' lang='lat' dir='ltr'><em>M</em></span> 
     </span>
    </p>
   </div>
  </div>
 </body>
</html>
