1773 2651
119 941 157 963 10

119 1265 155 1297 15

120 1594 158 1615 20

597 164 707 199 EPP.
741 164 818 200 AD
850 163 1109 200 ATTICVM
1458 161 1526 196 IV.
1544 159 1590 194 iv

177 277 260 313 fice.
319 275 356 313 Si
388 277 516 314 locare
536 275 737 321 voluisses,
760 276 918 313 duobus
939 274 999 312 his
1021 274 1249 311 muneribus
1271 273 1368 311 liber
1388 285 1503 311 65565.

176 341 254 379 Sed
287 341 384 378 haec
413 340 617 391 posterius.
677 342 739 378 Tu
771 341 831 378 fac
860 339 993 378 venias
1023 347 1061 377 et
1091 340 1141 377 de
1174 337 1348 384 librariis,
1379 336 1410 375 si
1444 349 1507 374 mc

175 419 294 453 amas,
318 420 412 455 agas
431 406 647 456 diligenter.

218 518 259 552 V
401 520 469 552 Ser.
491 523 522 551 1'11
537 522 672 552 Antiati
686 533 729 553 m.
750 521 859 562 April.
879 525 938 552 aut
954 521 1035 552 Mai.
1056 532 1085 553 a.
1107 521 1172 561 698
1188 520 1278 561 (56‘1.

593 593 769 624 CICERO
794 593 966 623 ATTICO
993 592 1091 623 SAL.

230 665 308 703 Ain
329 667 404 704 tu?
433 679 496 704 me
521 665 720 704 existimas
743 665 794 703 ab
822 667 902 703 ullo
930 666 1045 702 malle
1068 677 1155 702 mea
1176 662 1250 713 legi
1272 661 1507 712 probarique
1528 670 1544 697 1

176 743 295 780 quam
315 733 429 769 ate?
485 732 566 769 Cur
593 731 708 780 igitur
737 730 922 780 cuiquam
950 729 1037 767 misi
1066 729 1201 779 prius?
1258 727 1434 777 Vrgebar
1457 727 1508 765 ab

176 809 224 834 eo
243 797 294 834 ad
315 809 434 845 quem
457 795 554 842 misi,
574 804 612 834 et
628 809 709 833 non
730 796 927 833 habebam
948 796 1155 844 exemplar.
1200 793 1338 842 Quid?
1378 791 1507 830 Etiam

176 861 347 912 (dudum
379 861 485 900 enim
517 861 766 899 circumrodo
801 862 909 911 quod
944 861 1217 899 devorandum
1252 858 1327 907 est>
1358 857 1509 895 subtur-

175 927 306 976 picula
336 927 431 964 mihi
461 927 666 965 videbatur
701 940 786 965 esse
818 926 1032 977 παλινῳδία.
1094 926 1172 963 Sed
1206 925 1360 962 valeant
1390 930 1505 968 recta,

175 1005 276 1038 vera,
299 993 465 1030 honesta
492 991 665 1029 consilia.
738 993 830 1029 Non
855 999 913 1029 est
940 989 1127 1029 credibile
1154 1002 1255 1039 quae
1277 988 1324 1026 sit
1345 987 1509 1038 perfidia

175 1056 215 1093 in
236 1056 318 1093 istis
343 1055 597 1106 principibus,
621 1063 663 1094 ut
683 1057 820 1094 volunt
845 1069 930 1094 esse
956 1063 994 1093 et
1021 1063 1064 1093 ut
1091 1061 1221 1092 essent
1243 1053 1273 1091 si
1295 1052 1506 1102 quicquam

176 1122 366 1160 haberent
405 1121 507 1159 fidei.
569 1123 775 1160 Senseram
815 1134 951 1158 noram
990 1120 1187 1166 inductus,
1221 1117 1388 1163 relictus,
1426 1130 1510 1167 pro-

176 1187 300 1225 iectus
331 1187 382 1225 ab
414 1187 470 1224 iis.
529 1188 684 1225 Tamen
715 1188 792 1224 hoc
822 1200 927 1225 eram
955 1185 1089 1223 animo
1123 1192 1164 1222 ut
1194 1197 1285 1222 cum
1320 1182 1365 1220 iis
1400 1182 1439 1220 in
1470 1196 1509 1220 re

176 1252 335 1302 publica
374 1252 648 1290 consentirem.
711 1253 824 1290 Idem
865 1258 973 1289 erant
1012 1250 1078 1299 qui
1118 1251 1280 1287 fuerant.
1340 1247 1416 1285 Vix
1445 1247 1510 1285 ali-

176 1319 338 1367 quando
359 1325 397 1355 te
416 1325 576 1356 auctore
607 1317 760 1367 resipui.
823 1316 941 1354 Dices
969 1329 1014 1354 ea
1044 1323 1081 1353 te
1106 1313 1317 1360 monuisse,
1341 1313 1508 1351 suasisse
1527 1321 1551 1349 2

177 1395 277 1432 quae
307 1383 488 1429 facerem,
525 1396 606 1420 non
637 1382 753 1420 etiam
785 1390 827 1419 ut
858 1381 1079 1419 scriberem.
1141 1381 1226 1428 Ego
1259 1392 1321 1416 me
1350 1379 1509 1416 hercule

177 1447 273 1485 mihi
294 1447 568 1486 necessitatem
586 1447 691 1486 volui
709 1447 912 1497 imponere
934 1445 1049 1483 huius
1067 1457 1191 1482 novae
1206 1442 1507 1490 coniunctionis,

177 1527 227 1551 ne
248 1526 326 1563 qua
355 1512 451 1550 mihi
479 1513 612 1551 liceret
637 1512 715 1551 labi
740 1514 791 1550 ad
819 1512 905 1549 illos
933 1510 999 1560 qui
1028 1510 1144 1548 etiam
1170 1517 1254 1547 tum
1282 1522 1373 1547 cum
1399 1508 1510 1546 mise-

177 1577 249 1616 reri
270 1577 347 1616 mei
368 1578 516 1616 debent
542 1591 622 1615 non
647 1577 834 1616 desinunt
858 1575 1042 1614 invidere.
1103 1575 1181 1613 Sed
1209 1582 1340 1612 tamen
1362 1573 1508 1612 modici

176 1643 322 1681 fuimus
355 1644 542 1689 ὑποθέσει,
579 1651 621 1681 ut
656 1642 802 1692 scripsi.
864 1641 1021 1679 Erimus
1060 1639 1259 1678 uberiores
1299 1639 1329 1677 si
1369 1646 1407 1677 et
1445 1639 1509 1678 ille

177 1707 343 1747 libenter
371 1708 549 1759 accipiet,
573 1716 610 1747 et
640 1707 665 1745 ii
696 1707 972 1757 subringentur
998 1705 1065 1755 qui
1090 1705 1222 1743 villam
1252 1718 1315 1742 me
1345 1706 1510 1743 moleste

176 1774 304 1811 ferunt
326 1775 470 1812 habere
491 1787 593 1824 quae
615 1772 745 1812 Catuli
777 1774 911 1819 fuerat,
934 1785 957 1809 a
977 1770 1112 1809 Vettio
1133 1769 1275 1808 emisse
1302 1783 1382 1808 non
1409 1769 1510 1819 cogi-

177 1846 284 1886 tant3
315 1839 382 1889 qui
412 1840 577 1877 domum
607 1846 749 1888 negant
772 1837 992 1887 oportuisse
1014 1850 1077 1875 me
1098 1835 1317 1881 aedificare,
1339 1837 1509 1873 vendere

119 1917 134 1938 2
177 1903 286 1942 aiunt
307 1904 538 1954 oportuisse.
578 1904 656 1941 Sed
677 1902 773 1952 quid
793 1903 844 1940 ad
865 1903 952 1949 hoc,
976 1903 1020 1949 si,
1042 1901 1185 1951 quibus
1207 1900 1409 1939 sententiis
1430 1900 1508 1938 dixi

177 1970 286 2019 quod
311 1977 348 2008 et
379 1969 451 2019 ipsi
476 1969 698 2019 probarent,
722 1967 853 2005 laetati
876 1975 966 2005 sunt
993 1974 1127 2005 tamen
1151 1979 1215 2004 me
1239 1974 1375 2004 contra
1396 1967 1509 2003 Pom-

177 2033 240 2083 pei
278 2035 521 2072 voluntatem
561 2033 734 2072 dixisse?
791 2031 897 2069 Finis
937 2031 995 2069 sit.
1066 2031 1267 2080 Quoniam
1307 2030 1373 2081 qui
1413 2030 1508 2068 nihil

226 2149 237 2167 1
265 2138 348 2168 liber
373 2148 467 2169 esses
483 2138 587 2168 Plus:
612 2137 794 2167 liberasses
817 2135 874 2165 M:
890 2136 973 2177 fort.
996 2141 1028 2166 te
1050 2135 1230 2166 liberasses
1383 2144 1403 2173 3
1427 2145 1508 2173 agas

178 2181 253 2211 add.
282 2181 403 2211 Miiller
429 2182 494 2212 coll.
521 2187 582 2220 pro
613 2191 716 2219 agere
738 2181 779 2210 de
806 2180 824 2209 i.
850 2181 870 2209 6
888 2180 963 2218 fin„
993 2190 1020 2218 7.
1046 2190 1075 2214 2,
1104 2179 1143 2210 iv.
1172 2179 1308 2218 16fin.:
1333 2189 1432 2209 cures
1450 2179 1512 2217 ivel

179 2226 274 2259 cura&
293 2224 369 2256 add.
392 2225 582 2264 Pl'esetzbm’g
723 2225 744 2253 6
767 2223 832 2253 Ain
854 2225 912 2253 tu?
937 2223 1037 2262 vulg„
1060 2223 1096 2261 cf.
1125 2222 1209 2253 Caec.
1231 2233 1295 2261 49:
1331 2223 1385 2252 ain
1409 2227 1443 2252 tu
1464 2233 1506 2252 an

178 2268 266 2298 codd.
285 2279 291 2298 :
317 2268 371 2298 An
390 2273 424 2298 tu
444 2269 482 2298 l:
508 2267 575 2297 Ain
594 2267 730 2297 tandem
748 2267 885 2306 Seyffert
993 2266 1062 2306 me]
1083 2276 1191 2296 meme
1209 2267 1291 2296 Ant.
1312 2265 1344 2295 F
1487 2266 1507 2295 8

178 2311 269 2350 Quin
288 2311 387 2341 etiam
405 2311 528 2341 Rinkes
672 2321 709 2348 14
734 2321 822 2340 eram
850 2310 896 2339 C:
933 2314 1005 2339 erat
1032 2310 1063 2339 in
1091 2309 1130 2338 M
1264 2310 1302 2338 16
1328 2319 1367 2339 ea
1384 2314 1418 2339 te
1438 2319 1507 2339 mo-

180 2355 307 2392 nuisse,
322 2355 469 2385 suasisse
485 2365 571 2394 quae
584 2353 619 2383 I:
647 2364 686 2383 ea
703 2354 855 2383 tenuisse
874 2354 1019 2383 suasisse
1037 2363 1123 2391 quae
1139 2352 1198 2382 M:
1223 2357 1364 2382 eatenus
1383 2358 1415 2382 te
1433 2363 1507 2382 sua-

179 2398 263 2428 sisse
281 2409 346 2437 qua
364 2399 462 2428 Klotz
577 2408 614 2435 19
639 2397 743 2427 relabi
765 2396 923 2436 Pluygers
1033 2406 1074 2434 23
1098 2406 1117 2425 a
1133 2396 1248 2426 Vettio
1262 2391 1305 2424 Ζὁ
1321 2408 1327 2426 z
1351 2407 1370 2426 a
1387 2396 1508 2426 Vectio

179 2442 228 2472 vel
241 2441 387 2471 Avercio
401 2441 484 2472 Ant.
503 2440 666 2470 FNOP:
692 2445 747 2470 aut
765 2441 865 2471 etiam
885 2445 914 2470 Δ
1042 2449 1094 2469 me
1112 2439 1236 2469 emisse
1254 2434 1298 2468 Zb
