1773 2651
197 177 304 215 VI.i
676 179 731 215 M.
764 179 931 216 TVLLI
964 179 1271 217 CICERONIS

245 299 291 326 10
368 290 427 326 De
449 289 578 327 Tullia
613 303 699 328 mea
731 288 802 327 tibi
836 288 1036 328 adsentior
1069 288 1284 340 scripsique
1317 291 1369 328 ad
1403 303 1489 328 eam
1524 298 1562 329 et
1591 292 1642 329 ad

310 353 537 392 Terentiam
570 354 665 391 mihi
698 355 861 404 placere.
921 356 983 392 Tu
1016 353 1121 392 enim
1152 356 1203 392 ad
1235 368 1298 392 me
1327 354 1404 392 iam
1435 362 1525 393 ante
1555 355 1642 393 scri-

309 432 450 468 pseras,
481 421 564 457 ‘Ac
585 421 725 457 vellem
754 427 792 457 te
819 419 858 456 in
884 427 994 456 tuum
1022 427 1193 458 veterem
1221 433 1376 469 gregem
1404 419 1641 459 rettulisses.'

309 484 495 523 Correcta
519 497 610 522 vero
637 483 803 533 epistula
830 483 1075 522 Memmiana
1105 483 1201 521 nihil
1230 483 1361 534 negoti
1389 484 1485 531 fuit3
1517 486 1642 523 multo

308 549 413 586 enim
444 550 548 587 malo
578 550 683 586 hunc
713 562 735 586 a
764 548 947 587 Pontidia
977 562 1096 598 quam
1128 548 1238 586 illum
1268 563 1291 587 a
1321 548 1490 588 Servilia.
1552 551 1643 598 Qua
1662 563 1678 594 5

308 627 347 651 re
373 613 564 663 adiunges
592 614 793 652 Saufeium
820 622 1011 657 nostrum,
1033 614 1235 652 hominem
1262 627 1418 664 semper
1441 622 1641 652 amantem

308 678 398 721 mei,
428 692 534 716 nunc
564 680 683 717 credo
713 693 761 717 eo
792 679 913 728 magis
944 680 1052 728 quod
1082 680 1201 717 debet
1232 679 1349 717 etiam
1381 679 1505 718 fratris
1535 679 1641 729 Appi

307 757 481 782 amorem
509 757 598 794 erga
628 757 691 782 me
721 757 811 782 cum
839 743 988 793 reliqua
1019 744 1235 782 hereditate
1262 744 1452 791 crevisse3
1483 743 1550 794 qui
1578 745 1642 782 de-

307 808 464 846 claravit
486 809 621 858 quanti
648 822 711 847 me
735 810 878 847 faceret
899 822 990 847 cum
1015 822 1132 858 saepe
1153 816 1236 846 tum
1258 808 1297 846 in
1321 811 1453 847 Bursa.
1514 811 1576 847 Ne
1598 816 1639 847 tu

307 887 370 911 me
391 873 655 912 sollicitudine
677 887 819 924 magna
839 874 1022 912 liberaris.
1663 885 1703 908 10

253 943 287 970 11
363 938 480 975 Furni
515 938 694 988 exceptio
729 938 825 976 mihi
861 952 941 977 non
975 940 1128 988 placet:
1166 951 1239 976 nec
1271 938 1376 976 enim
1409 952 1482 988 ego
1516 939 1639 976 ullum

305 1003 412 1041 aliud
434 1011 589 1053 tempus
618 1003 738 1042 timeo
767 1003 839 1041 nisi
861 1005 969 1053 quod
996 1003 1060 1041 ille
1085 1005 1212 1041 solum
1235 1002 1387 1053 excipit.
1448 1004 1525 1041 Sed
1554 1003 1641 1041 scri-

307 1070 439 1107 berem
467 1070 517 1107 ad
545 1077 582 1107 te
613 1070 662 1107 de
693 1071 769 1107 hoc
799 1071 919 1119 plura,
948 1069 978 1107 si
1008 1071 1161 1107 Romae
1190 1082 1305 1107 esses.
1369 1070 1415 1107 In
1448 1069 1640 1119 Pompeio

306 1141 343 1171 te
378 1147 487 1183 spem
523 1147 683 1172 omnem
718 1134 771 1172 oti
812 1147 958 1184 ponere
993 1148 1072 1172 non
1108 1133 1234 1172 miror.
1306 1135 1367 1172 Ita
1401 1147 1460 1172 res
1495 1141 1553 1172 est
1588 1148 1640 1172 re-

305 1200 628 1249 movendumque
667 1213 812 1237 censeo
851 1199 947 1237 illud
984 1199 1347 1238 ‘dissimulantem.'
1416 1201 1494 1238 Sed
1533 1199 1639 1237 enim
1662 1213 1699 1245 15

304 1266 493 1314 οἰκονομία
515 1265 545 1302 si
566 1264 826 1314 perturbatior
846 1273 914 1312 est,
934 1264 1004 1303 tibi
1025 1264 1242 1315 adsignato.
1290 1267 1349 1303 Te
1371 1264 1475 1303 enim
1497 1278 1640 1314 sequor

306 1331 558 1382 σχεδιάζοντα.

245 1408 288 1436 12
362 1396 574 1435 Cicerones
602 1394 709 1444 pueri
737 1402 871 1432 amant
901 1395 1001 1433 inter
1029 1408 1081 1442 se,
1109 1394 1277 1441 discunt,
1304 1402 1543 1441 exercentur,
1570 1396 1640 1433 sed

305 1463 413 1505 alter,
441 1460 495 1498 uti
527 1459 622 1498 dixit
655 1461 847 1498 Isocrates
883 1460 921 1498 in
959 1461 1120 1510 Ephoro
1151 1468 1188 1498 et
1212 1462 1489 1510 Theopompo,
1522 1459 1640 1498 frenis

305 1534 402 1575 eget,
436 1527 531 1563 alter
565 1525 791 1563 calcaribus.
858 1525 1009 1574 Quinto
1049 1534 1179 1576 togam
1219 1540 1356 1576 puram
1393 1525 1639 1564 Liberalibus
1663 1540 1700 1561 20

304 1591 526 1641 cogitabam
555 1592 647 1628 dare
662 1606 671 1637 3
707 1591 907 1629 mandavit
935 1591 1040 1629 enim
1072 1599 1191 1641 pater.
1253 1593 1310 1629 Ea
1338 1591 1392 1629 sic
1420 1591 1639 1630 observabo

304 1656 415 1706 quasi
454 1656 725 1694 intercalatum
766 1669 845 1693 non
885 1656 942 1694 sit.
1010 1656 1223 1706 Dionysius
1263 1656 1358 1693 mihi
1398 1656 1558 1705 quidem
1599 1656 1639 1694 in

302 1721 503 1760 amoribus
531 1729 614 1768 est3
647 1720 756 1771 pueri
784 1728 916 1759 autem
945 1721 1053 1759 aiunt
1081 1735 1171 1760 eum
1203 1723 1374 1760 furenter
1400 1721 1536 1769 irasci3
1568 1723 1638 1760 sed

303 1788 425 1825 homo
452 1801 525 1825 nec
552 1787 705 1826 doctior
732 1801 805 1825 nec
833 1788 1003 1826 sanctior
1031 1787 1111 1826 fieri
1139 1794 1268 1837 potest
1296 1801 1368 1826 nec
1396 1787 1451 1825 tui
1480 1787 1637 1838 meique

241 1864 284 1901 13
302 1853 505 1891 amantior.
570 1854 800 1899 Thermum,
838 1853 976 1891 Silium
1011 1867 1100 1891 vere
1138 1853 1251 1891 audis
1289 1853 1448 1891 laudari.
1508 1855 1636 1892 Valde
1659 1868 1696 1900 ²5

302 1920 467 1956 honeste
500 1932 537 1956 se
569 1926 717 1969 gerunt.
778 1920 897 1957 Adde
938 1921 994 1956 Μ.
1032 1919 1223 1965 Nonium,
1260 1918 1456 1963 Bibulum,
1495 1932 1567 1965 me,
1605 1918 1636 1957 si

301 1985 419 2021 voles.
486 1985 571 2021 Iam
604 1985 739 2022 Scrofa
770 1985 910 2022 vellem
946 1984 1107 2022 haberet
1139 1983 1207 2022 ubi
1241 1991 1399 2034 posset3
1437 1991 1494 2022 est
1529 1983 1635 2022 enim

301 2050 450 2087 lautum
499 2049 712 2099 negotium.
783 2049 911 2089 Ceteri
960 2049 1159 2088 infirmant
1206 2051 1410 2099 πολίτευμα
1459 2049 1632 2089 Catonis.

303 2114 520 2152 Hortensio
551 2116 660 2164 quod
691 2128 850 2153 causam
881 2128 1010 2153 meam
1041 2116 1298 2154 commendas
1328 2116 1442 2153 valde
1468 2122 1631 2164 gratum.

303 2181 364 2216 De
380 2179 552 2217 Amiano
574 2179 655 2229 spei
678 2180 775 2217 nihil
795 2187 904 2229 putat
921 2193 1006 2217 esse
1025 2179 1248 2229 Dionysius.
1299 2179 1460 2218 Terenti
1482 2181 1632 2217 nullum
1653 2191 1696 2222 30

300 2243 506 2293 vestigium
527 2245 708 2294 adgnovi.
771 2247 1029 2295 Moeragenes
1054 2253 1157 2283 certe
1178 2245 1300 2295 periit.
1362 2245 1453 2283 Feci
1475 2245 1546 2283 iter
1566 2259 1634 2294 per

346 2358 385 2386 15
409 2348 489 2378 illud
516 2347 581 2378 dno
605 2348 693 2378 codd.
717 2347 948 2389 lllalaspinac:
987 2348 1078 2378 illum
1104 2349 1144 2378 M
1273 2349 1360 2379 enim
1379 2348 1466 2379 codd.
1487 2361 1492 2378 :
1521 2359 1631 2378 rerum

303 2392 444 2423 Illz‘illrr:
471 2391 528 2423 dd.
561 2390 748 2433 IVcsenbeag
881 2392 951 2423 Sed
982 2392 1143 2431 οἰκονομία
1170 2402 1243 2423 mea
1280 2393 1308 2423 si
1336 2393 1415 2424 coni.
1446 2392 1634 2432 [Vesen'mjg

301 2438 342 2465 26
366 2446 401 2466 se
417 2435 492 2466 add.
512 2440 582 2466 vett.
