1773 2651
160 188 254 226 VII.
278 191 387 226 xxvi
702 192 813 228 EPP.
846 193 923 228 AD
954 192 1212 230 ATTICVM

286 299 447 349 quidem
478 300 523 338 iis
555 301 690 339 litteris
720 315 820 351 quae
852 303 982 339 Roma
1010 302 1238 340 adferuntur
1267 303 1316 341 de
1348 301 1536 350 Domitio,
1566 304 1616 341 de

288 364 508 403 Picentium
551 365 791 404 cohortibus.
870 366 1016 405 Omnia
1063 374 1171 404 erant
1219 368 1322 405 facta
1368 368 1445 406 hoc
1494 367 1616 406 biduo

285 431 455 469 laetiora.
517 433 656 482 Itaque
678 433 768 482 fuga
785 445 885 482 quae
906 432 1113 482 parabatur
1129 446 1304 482 repressa
1325 440 1407 480 est3
1437 432 1615 472 Caesaris

285 495 503 543 interdicta,

491 561 552 600 ‘Si
583 561 619 600 te
650 563 827 601 secundo
857 562 1005 600 himine
1035 562 1098 600 hic
1129 562 1407 601 offendero—'
1633 576 1650 606 5

286 634 545 676 respuuntur3
576 627 681 665 bona
710 628 760 666 de
792 626 981 674 Domitio,
1014 628 1210 677 praeclara
1239 628 1289 665 de
1319 627 1482 666 Afranio
1512 629 1615 666 fama

285 699 353 729 est.

241 769 266 797 2
341 758 462 805 Quod
492 772 554 796 me
581 757 818 796 amicissime
842 759 1035 796 admones
1064 766 1105 796 ut
1134 758 1229 795 mihi
1257 757 1449 807 integrum
1481 759 1613 808 quoad

286 821 434 870 possim
464 836 626 870 servem,
649 831 802 873 gratum
832 830 913 869 est;
944 823 1052 872 quod
1082 822 1206 868 addis,
1230 836 1279 860 ne
1307 823 1537 873 propensior
1562 824 1613 860 ad

286 894 439 936 turpem
478 902 637 926 causam
677 888 820 934 videar,
862 896 965 926 certe
1004 887 1125 925 videri
1168 901 1340 937 possum.
1420 890 1505 937 Ego
1550 901 1613 925 me
1638 898 1674 919 ¹0

285 952 428 989 ducem
457 952 495 990 in
524 952 626 990 civili
651 953 756 990 bello
785 954 917 1001 quoad
945 954 995 990 de
1022 966 1119 1002 pace
1145 961 1322 1001 ageretur
1348 952 1485 1002 negavi
1515 966 1611 999 esse,

285 1030 366 1055 non
387 1017 482 1067 quin
510 1026 658 1056 rectum
687 1025 788 1056 esset
809 1019 878 1056 sed
907 1017 998 1067 quia
1026 1019 1133 1067 quod
1162 1019 1286 1056 multo
1314 1018 1455 1056 rectius
1477 1017 1547 1055 fuit
1574 1016 1614 1054 id

286 1081 381 1119 mihi
412 1083 587 1121 fraudem
619 1082 715 1120 tulit.
777 1084 897 1121 Plane
931 1096 1020 1120 eum
1052 1082 1146 1132 quoi
1173 1090 1306 1120 noster
1331 1084 1496 1120 alterum
1524 1096 1615 1120 con-

285 1148 454 1184 sulatum
476 1149 641 1186 deferret
669 1156 706 1186 et
728 1147 969 1197 triumphum
992 1148 1047 1197 (at
1074 1147 1216 1197 quibus
1238 1147 1388 1186 verbis!
1421 1150 1513 1198 ‘pro
1539 1147 1614 1185 tuis

286 1212 401 1250 rebus
420 1213 537 1262 gestis
558 1213 808 1263 amplissimis
824 1214 847 1262 ³)
865 1212 1068 1251 inimicum
1090 1213 1235 1251 habere
1256 1215 1469 1251 nolueram.
1529 1215 1615 1262 Ego
1637 1226 1672 1257 15

286 1277 367 1315 scio
388 1285 425 1315 et
447 1291 565 1327 quem
589 1286 761 1316 metuam
783 1286 820 1316 et
841 1292 959 1328 quam
981 1279 1034 1316 ob
1058 1292 1150 1316 rem.
1211 1278 1278 1316 Sin
1299 1278 1369 1316 erit
1391 1279 1550 1325 bellum,
1573 1285 1615 1315 ut

288 1341 404 1380 video
425 1344 516 1389 fore,
540 1350 667 1392 partes
689 1357 800 1381 meae
821 1357 901 1381 non
923 1343 1259 1381 desiderabuntur.

245 1416 270 1454 3
345 1409 406 1445 De
451 1409 520 1446 HS
560 1399 618 1445 fi
657 1408 842 1446 Terentia
881 1408 950 1446 tibi
990 1407 1193 1458 rescripsit.
1274 1407 1477 1457 Dionysio,
1518 1409 1613 1446 dum

287 1473 558 1511 existimabam
597 1487 715 1523 vagos
755 1487 826 1512 nos
872 1475 962 1519 fore,
1004 1473 1112 1511 nolui
1159 1475 1347 1511 molestus
1388 1487 1497 1519 esse3
1544 1472 1614 1511 tibi

285 1546 416 1576 autem
438 1539 575 1577 crebro
595 1540 646 1577 ad
678 1553 740 1577 me
760 1539 944 1577 scribenti
966 1540 1016 1578 de
1043 1539 1126 1577 eius
1148 1539 1277 1577 officio
1305 1538 1401 1576 nihil
1423 1538 1612 1588 rescripsi,
1636 1551 1675 1572 20

285 1604 393 1653 quod
426 1603 531 1641 diem
566 1618 612 1642 ex
646 1604 711 1642 die
745 1605 1020 1654 exspectabam
1054 1612 1095 1642 ut
1128 1612 1338 1642 statuerem
1378 1603 1474 1653 quid
1512 1611 1615 1642 esset

285 1668 520 1707 faciendum.
569 1671 701 1715 Nunc,
722 1677 764 1706 ut
784 1669 911 1715 video,
935 1668 1043 1719 pueri
1065 1677 1169 1707 certe
1190 1668 1228 1706 in
1253 1668 1462 1706 Formiano
1483 1668 1615 1706 viden-

285 1741 346 1771 tur
384 1733 600 1771 hiematuri.
664 1735 713 1771 Et
748 1735 850 1783 ego?
908 1734 1064 1771 Nescio.
1126 1733 1165 1771 Si
1199 1733 1305 1771 enim
1344 1732 1414 1771 erit
1452 1733 1611 1779 bellum,

285 1812 375 1836 cum
399 1799 590 1849 Pompeio
611 1812 696 1837 esse
717 1798 913 1837 constitui.
976 1799 1096 1847 Quod
1118 1799 1276 1836 habebo
1297 1797 1389 1836 certi
1411 1797 1550 1835 faciam
1572 1806 1613 1835 ut

285 1863 394 1902 scias.
456 1866 541 1913 Ego
569 1864 715 1901 bellum
744 1863 1015 1902 foedissimum
1044 1864 1215 1900 futurum
1241 1870 1348 1912 puto,
1372 1861 1446 1900 nisi
1470 1862 1547 1912 qui,
1572 1870 1613 1900 ut
1635 1873 1672 1904 25

285 1937 326 1968 tu
347 1929 494 1976 scribis,
519 1929 721 1967 Parthicus
742 1943 855 1967 casus
876 1928 1072 1967 exstiterit.

328 2033 348 2062 8
373 2033 452 2062 mihi
471 2032 557 2062 Reid
572 2034 637 2064 coll.
656 2033 752 2063 Fam.
772 2033 790 2063 i.
808 2043 837 2071 9.
859 2043 918 2065 10:
944 2033 1010 2062 viii.
1028 2033 1058 2062 6.
1077 2042 1095 2070 5
1112 2043 1118 2061 :
1146 2042 1197 2061 me
1216 2031 1303 2062 codd.
1444 2041 1483 2060 10
1508 2030 1613 2061 videri

285 2076 397 2116 vulg:
435 2077 552 2106 videre
581 2077 640 2106 M:
679 2077 789 2106 ridere
816 2075 956 2115 Madvsg
1115 2085 1152 2114 13
1179 2075 1283 2105 fraudi
1311 2074 1370 2104 fuit
1394 2075 1472 2104 coni.
1493 2073 1616 2104 Mz‘iller

283 2119 379 2160 quoi]
397 2120 449 2150 cui
470 2119 512 2151 C:
538 2119 618 2158 quin
637 2118 679 2148 M
779 2129 815 2158 14
842 2118 990 2149 deferret
1008 2119 1094 2158 vulg.
1113 2130 1119 2149 ε
1145 2119 1186 2149 de
1205 2130 1244 2149 ea
1262 2120 1405 2150 referret
1423 2119 1464 2149 M
1566 2131 1615 2159 14,

286 2173 324 2202 15
349 2173 410 2202 pro
432 2163 499 2193 tuis
524 2162 624 2193 rebus
646 2162 752 2201 gestis
772 2162 892 2192 Lamb.
915 2161 980 2193 coll.
1001 2161 1067 2191 viii.
1084 2172 1114 2201 9.
1138 2173 1178 2192 2:
1211 2168 1246 2192 ut
1267 2173 1405 2202 prorsus
1429 2163 1535 2202 gestis
1557 2163 1614 2194 M:

283 2217 344 2246 pro
368 2205 438 2237 suis
463 2206 564 2236 rebus
587 2207 692 2244 gestis
717 2205 838 2235 Bosins
1045 2215 1087 2235 20
1111 2206 1272 2236 scribenti
1298 2207 1411 2245 vulg:
1439 2206 1559 2237 scienti
1578 2207 1619 2236 M

283 2260 324 2288 23
350 2249 391 2279 Et
406 2251 492 2288 ego?
520 2249 644 2279 Nescio
661 2249 781 2279 Orelli:
806 2254 840 2278 et
855 2259 974 2287 egone,
991 2249 1106 2278 nescio
1124 2248 1319 2290 lifesen0c2g,
1336 2251 1373 2289 ch
1394 2260 1440 2281 11.
1460 2261 1479 2289 4
1494 2261 1500 2279 :
1528 2250 1614 2280 Num

284 2299 317 2324 et
334 2303 412 2332 ego,
428 2293 544 2323 nescio
562 2293 660 2322 Rom.
775 2293 817 2322 26
841 2292 957 2322 scribis
978 2291 1093 2321 Orelli:
1120 2293 1186 2322 scis
1200 2292 1241 2322 M
