1773 2651
150 194 244 230 VII.
270 193 314 229 xi
642 193 697 229 M.
729 191 898 229 TVLLI
930 189 1237 229 CICERONIS

274 303 417 342 habeat
439 305 655 348 ἐπίσκοπον,
675 304 725 341 ad
747 316 865 352 quem
887 301 1054 340 dilectus
1078 308 1116 339 et
1138 314 1293 339 summa
1318 299 1448 350 negoti
1472 301 1607 339 refera-

274 376 344 407 tur.
406 371 545 419 Itaque
579 382 699 419 vagus
731 381 815 406 esse
847 366 1080 417 cogitabam.
1139 367 1199 404 Te
1238 373 1335 416 puto
1366 365 1443 403 iam
1475 365 1606 404 videre

273 447 375 483 quae
396 433 444 471 sit
465 434 559 483 ὁρμὴ
581 431 771 477 Caesaris,
795 430 862 481 qui
883 432 1063 481 populus,
1087 430 1155 480 qui
1177 430 1296 469 totius
1317 429 1449 480 negoti
1470 437 1603 467 status.

275 500 332 536 Ea
353 498 468 536 velim
491 498 636 536 scribas
657 498 707 535 ad
729 510 792 534 me
812 504 850 534 et
871 495 1044 546 quidem,
1068 495 1256 546 quoniam
1279 494 1483 533 mutabilia
1503 502 1607 542 sunt,

273 578 391 614 quam
425 563 663 614 saepissime.
723 561 947 612 Acquiesco
982 560 1087 600 enim
1127 568 1165 600 et
1203 560 1379 600 scribens
1412 561 1463 599 ad
1498 570 1535 598 te
1569 567 1607 598 et
1628 572 1645 603 5

274 631 406 680 legens
428 637 503 667 tua.

317 775 408 812 XII
558 779 628 810 δον.
647 780 679 809 iu
699 779 878 808 Formiano
893 789 917 808 x
933 778 977 809 K.
997 777 1088 808 Febr.
1105 788 1135 808 a.
1156 787 1210 817 705
1227 777 1316 818 (49).

686 865 860 897 CICERO
892 864 1062 896 ATTICO
1097 864 1195 896 SAL.

240 971 255 997 1
329 960 459 996 Vnam
480 958 611 995 adhuc
631 970 653 994 a
675 964 711 994 te
732 955 940 1006 epistulam
967 967 1197 1004 acceperam
1218 955 1351 992 datam
1373 966 1432 991 xn
1458 956 1545 992 Kal.
1569 954 1608 992 in

275 1038 354 1074 qua
382 1023 674 1073 significabatur
703 1022 818 1060 aliam
850 1029 887 1059 te
919 1028 1010 1059 ante
1040 1020 1198 1059 dedisse
1228 1033 1347 1069 quam
1383 1033 1463 1058 non
1501 1033 1609 1058 acce·
1632 1038 1669 1060 10

275 1101 419 1139 peram.
480 1089 558 1126 Sed
579 1100 727 1137 quaeso
748 1094 790 1124 ut
812 1086 958 1125 scribas
979 1099 1099 1136 quam
1124 1084 1352 1135 saepissime
1379 1098 1459 1123 non
1488 1087 1609 1124 modo

275 1154 306 1192 si
339 1153 435 1204 quid
463 1152 561 1191 scies
594 1160 661 1190 aut
693 1151 863 1191 audieris
895 1152 964 1190 sed
999 1150 1116 1189 etiam
1152 1150 1183 1188 si
1215 1149 1311 1200 quid
1346 1149 1606 1200 suspicabere‚

277 1218 525 1268 maximeque
547 1217 641 1267 quid
664 1217 779 1255 nobis
800 1216 1025 1255 faciendum
1046 1223 1113 1253 aut
1134 1229 1213 1253 non
1235 1214 1460 1253 faciendum
1482 1223 1606 1265 putes.

279 1286 382 1323 Nam
411 1284 519 1333 quod
552 1296 662 1332 rogas
694 1296 827 1321 curem
860 1290 901 1320 ut
932 1281 1031 1319 scias
1061 1280 1157 1331 quid
1190 1280 1401 1330 Pompeius
1431 1288 1533 1330 agat,
1560 1294 1610 1318 ne

234 1359 258 1386 2
279 1350 406 1399 ipsum
437 1348 597 1398 quidem
629 1348 726 1386 scire
761 1356 882 1397 puto;
922 1354 1098 1385 nostrum
1130 1345 1292 1396 quidem
1328 1359 1456 1384 nemo.
1515 1345 1610 1384 Vidi
1633 1363 1667 1395 15

279 1415 492 1453 Lentulum
522 1415 725 1451 consulem
759 1412 923 1451 Formiis
954 1424 980 1449 x
1010 1413 1112 1457 Kal,
1135 1410 1214 1449 vidi
1244 1410 1464 1458 Libonem3
1494 1411 1610 1460 plena

278 1479 427 1517 timoris
466 1486 503 1517 et
543 1478 680 1516 erroris
719 1477 863 1515 onmia.
927 1479 998 1515 Ille
1038 1477 1109 1515 iter
1149 1475 1361 1523 Larinum3
1410 1475 1464 1513 ibi
1503 1475 1608 1514 enim

275 1546 458 1583 cohortes
483 1551 520 1582 et
550 1543 738 1582 Luceriae
765 1551 803 1581 et
823 1542 949 1581 Teani
978 1541 1205 1592 reliquaque
1232 1541 1271 1578 in
1293 1540 1447 1591 Apulia.
1508 1541 1609 1579 Inde

276 1618 405 1648 utrum
439 1608 652 1647 consistere
687 1608 839 1658 uspiam
875 1607 966 1646 velit
998 1621 1047 1645 an
1083 1620 1189 1644 mare
1224 1605 1385 1644 transire
1424 1605 1606 1644 nescitur.

277 1675 315 1713 Si
346 1682 492 1718 manet,
513 1688 647 1712 vereor
677 1687 726 1712 ne
756 1673 967 1711 exercitum
1000 1673 1153 1709 firmum
1183 1672 1327 1709 habere
1354 1684 1434 1709 non
1462 1670 1610 1720 possit3
1631 1688 1671 1710 20

277 1740 335 1778 sin
353 1739 531 1786 discedit,
551 1753 630 1789 quo
651 1747 717 1777 aut
733 1752 820 1788 qua,
840 1746 906 1776 aut
928 1737 1023 1787 quid
1041 1736 1156 1775 nobis
1172 1737 1370 1786 agendum
1393 1735 1440 1773 sit
1462 1734 1606 1773 nescio.

278 1807 381 1843 Nam
413 1804 529 1842 istum
559 1803 720 1853 quidem
750 1803 892 1853 quoius
917 1803 1162 1852 φαλαρισμὸν
1186 1801 1301 1839 times
1321 1799 1454 1839 omnia
1476 1808 1611 1838 taeter-

278 1870 374 1908 rime
396 1871 589 1907 facturum
615 1877 721 1919 puto.
783 1871 868 1907 Nec
893 1882 983 1906 eum
1010 1881 1136 1906 rerum
1165 1865 1331 1916 prolatio
1353 1879 1425 1903 nec
1453 1872 1610 1903 senatus

280 1935 656 1986 magistratuumque
686 1934 882 1973 discessus
907 1948 980 1973 nec
1010 1932 1199 1972 aerarium
1225 1933 1401 1969 clausum
1430 1930 1608 1968 tardabit.

237 2012 261 2049 3
281 2001 358 2039 Sed
380 2002 487 2046 haec,
511 2007 553 2037 ut
574 1999 723 2045 scribis,
743 1999 822 2038 cito
843 1999 1023 2038 sciemus.

336 2065 498 2104 Interim
521 2065 636 2103 velim
660 2065 755 2103 mihi
778 2065 956 2115 ignoscas
978 2064 1087 2114 quod
1107 2064 1157 2101 ad
1180 2070 1216 2100 te
1239 2061 1368 2100 scribo
1389 2068 1467 2098 tam
1490 2061 1612 2098 multa

281 2130 435 2169 totiens.
496 2130 720 2180 Acquiesco
741 2130 846 2168 enim
875 2137 913 2167 et
935 2136 1019 2166 tuas
1041 2129 1130 2166 volo
1157 2127 1296 2165 elicere
1324 2125 1468 2163 litteras
1497 2124 1612 2162 maxi-

281 2209 425 2245 meque
463 2195 672 2233 consilium
712 2194 809 2244 quid
847 2207 959 2243 agam
999 2200 1065 2230 aut
1105 2205 1185 2241 quo
1225 2205 1286 2229 me
1321 2198 1437 2240 pacto
1467 2203 1609 2239 geram.

283 2260 553 2298 Demittamne
579 2274 641 2298 me
672 2259 827 2309 penitus
858 2258 898 2296 in
929 2259 1118 2296 causam?
1175 2258 1267 2294 Non
1293 2257 1489 2294 deterreor
1518 2254 1613 2305 peri-

1635 2014 1670 2046 ²5

329 2374 341 2393 1
374 2364 488 2402 negoti
520 2364 559 2392 M
588 2374 695 2403 marg.
727 2362 799 2393 (sed
825 2362 908 2402 -ci):
939 2372 980 2391 ne
1010 2361 1051 2390 M
1224 2359 1396 2390 deferatur
1427 2358 1616 2398 ll'esenberg

282 2418 301 2445 3
326 2407 406 2446 ὁρμὴ
439 2407 533 2438 V1·ct.:
561 2407 644 2437 hora
673 2417 725 2436 me
755 2405 810 2435 Ml
949 2414 987 2443 13
1016 2409 1115 2443 putes
1138 2403 1277 2434 Lan1h.:
1313 2409 1411 2442 putas
1436 2401 1476 2430 M
1576 2411 1611 2439 17

283 2451 420 2481 terroris
450 2451 544 2481 Alam.
