1773 2651
597 193 710 230 EPP.
743 193 821 229 AD
852 191 1112 230 ATTICVM
1404 192 1521 228 VIII.
1541 191 1585 227 iii

179 303 344 342 consilio
365 304 480 343 volui.
543 304 784 342 Deliberatio
811 311 942 342 autem
970 303 1099 342 omnis
1126 305 1223 342 haec
1251 311 1319 349 est,
1342 303 1372 341 si
1395 305 1508 342 Pom-

177 369 288 419 peius
330 369 442 407 Italia
479 370 653 415 excedat,
687 370 795 418 quod
834 382 924 406 eum
965 370 1156 406 facturum
1196 382 1280 406 esse
1320 367 1507 417 suspicor,

177 433 273 483 quid
302 434 397 471 mihi
423 435 620 483 agendum
647 441 769 483 putes.
831 435 881 470 Et
902 446 981 482 quo
1008 432 1158 470 facilius
1186 431 1394 469 consilium
1416 433 1509 470 dare

178 498 317 548 possis,
350 497 447 548 quid
486 498 525 535 in
560 506 767 548 utramque
797 505 946 548 partem
977 496 1072 534 mihi
1107 496 1146 534 in
1177 505 1350 535 mentem
1380 496 1510 535 veniat

139 576 155 606 5
176 563 381 613 explicabo
407 562 524 601 brevi.

230 629 332 666 Cum
363 628 498 666 merita
520 627 684 677 Pompei
709 641 863 665 summa
883 640 972 677 erga
993 628 1157 665 salutem
1179 640 1308 665 meam
1330 627 1509 665 familiar·
1529 639 1553 666 2

175 692 326 742 itasque
347 707 448 742 quae
475 692 570 730 mihi
597 706 688 731 cum
715 706 763 731 eo
790 700 859 739 est,
882 700 965 730 tum
993 692 1077 741 ipsa
1103 692 1156 730 rei
1184 692 1365 742 publicae
1389 705 1507 730 causa

175 771 238 795 me
266 757 429 795 adducit
461 765 501 794 ut
534 757 629 794 mihi
658 759 719 795 vel
751 756 959 796 consilium
995 770 1126 794 meum
1160 770 1250 794 cum
1283 756 1384 794 illius
1415 770 1507 794 con-

174 821 259 858 silio
289 823 349 859 vel
383 822 539 859 fortuna
572 834 652 858 mea
681 835 763 858 cum
792 823 898 858 illius
915 821 1083 870 fortuna
1113 820 1391 870 coniungenda
1420 834 1506 859 esse

117 900 154 921 10
173 887 362 924 videatur.
410 886 577 924 Accedit
598 886 704 925 illud.
761 887 801 925 Si
823 900 964 925 maneo
981 894 1018 924 et
1035 886 1143 924 illum
1160 886 1390 924 comitatum
1408 886 1506 936 opti-

174 964 326 989 morum
359 958 395 989 et
425 950 729 989 clarissimorum
762 951 905 988 civium
941 952 1091 997 desero,
1121 952 1346 989 cadendum
1377 958 1434 988 est
1464 950 1503 988 in

173 1015 288 1053 unius
310 1023 559 1065 potestatem.
617 1015 697 1064 Qui
718 1015 789 1054 etsi
815 1015 946 1053 multis
974 1016 1089 1054 rebus
1114 1015 1307 1065 significat
1327 1028 1368 1053 se
1388 1015 1503 1053 nobis

172 1094 257 1118 esse
283 1080 455 1119 amicum
478 1080 532 1129 (et
561 1088 602 1118 ut
629 1088 731 1119 esset
755 1094 777 1118 a
804 1094 867 1118 me
889 1088 957 1127 est,
981 1087 1064 1118 tute
1092 1079 1177 1127 scis,
1201 1087 1359 1130 propter
1383 1080 1504 1129 suspi-

170 1145 327 1183 cionem
345 1145 460 1183 huius
476 1145 743 1195 impendentis
759 1144 1002 1195 tempestatis
1023 1146 1148 1182 multo
1164 1153 1255 1182 ante
1272 1145 1499 1194 provisum),

115 1221 150 1252 15
171 1217 303 1248 tamen
334 1218 544 1260 utrumque
574 1210 906 1248 considerandum
937 1217 994 1248 est
1028 1218 1065 1248 et
1090 1217 1238 1259 quanta
1267 1210 1365 1247 fides
1393 1210 1427 1248 ei
1455 1210 1502 1247 sit

171 1275 355 1313 habenda
384 1283 433 1321 et,
461 1275 492 1313 si
519 1275 688 1314 maxime
715 1277 958 1326 exploratum
988 1275 1037 1313 sit
1067 1289 1157 1313 eum
1187 1274 1302 1313 nobis
1329 1275 1500 1313 amicum

170 1340 262 1385 fore,
289 1339 391 1377 sitne
417 1339 486 1377 viri
512 1339 619 1377 fortis
651 1347 690 1378 et
724 1340 818 1378 boni
848 1339 942 1378 civis
972 1353 1057 1378 esse
1086 1339 1126 1377 in
1157 1353 1202 1377 ea
1231 1340 1327 1378 urbe
1357 1339 1397 1377 in
1424 1353 1501 1389 qua

169 1417 260 1441 cum
290 1404 453 1442 summis
483 1404 699 1443 honoribus
730 1404 981 1454 imperiisque
1010 1418 1103 1442 usus
1138 1404 1197 1451 sit,
1223 1418 1282 1442 res
1313 1404 1501 1442 maximas

169 1468 340 1517 gesserit,
359 1469 580 1508 sacerdotio
601 1469 648 1507 sit
668 1469 912 1519 amplissimo
932 1469 1143 1519 praeditus,
1167 1483 1246 1507 non
1268 1471 1419 1507 futurus
1439 1472 1498 1516 sit,

112 1547 152 1568 20
169 1535 240 1582 qui
256 1534 395 1582 fitteris,
427 1535 760 1584 subeundumque
793 1534 1011 1584 periculum
1046 1534 1094 1572 sit
1129 1548 1219 1572 cum
1254 1534 1386 1584 aliquo
1420 1537 1501 1573 fore

169 1599 376 1645 dedecore,
406 1599 437 1637 si
471 1600 633 1649 quando
669 1599 880 1650 Pompeius
915 1613 995 1638 rem
1031 1599 1229 1650 publicam
1266 1600 1497 1650 reciperarit.

171 1665 217 1701 In
245 1665 318 1702 hac
344 1672 452 1714 parte
478 1666 575 1703 haec
602 1672 702 1702 sunt.
1518 1674 1542 1711 3

222 1728 326 1766 Vide
371 1743 476 1767 nunc
515 1742 616 1779 quae
661 1729 737 1768 sint
780 1729 819 1767 in
864 1731 993 1768 altera.
1063 1729 1172 1767 Nihil
1210 1738 1341 1769 actum
1381 1739 1439 1769 est
1477 1744 1500 1769 a

170 1793 361 1843 Pompeio
392 1802 526 1832 nostro
560 1793 765 1844 sapienter,
795 1794 892 1832 nihil
926 1794 1086 1841 fortiter,
1112 1796 1219 1833 addo
1250 1795 1367 1834 etiam
1402 1796 1499 1834 nihil

111 1871 148 1902 25
169 1857 242 1895 nisi
269 1866 405 1896 contra
434 1858 642 1897 consilium
671 1859 1024 1910 auctoritatemque
1054 1873 1193 1898 meam.
1255 1861 1407 1900 Omitto
1434 1861 1499 1899 illa

168 1930 307 1968 vetera,
331 1924 439 1972 quod
466 1923 584 1961 istum
612 1923 650 1960 in
678 1937 758 1961 rem
784 1924 983 1973 publicam
1010 1924 1074 1962 ille
1099 1924 1205 1970 aluit,
1235 1925 1354 1972 auxit,
1377 1939 1498 1964 arma-

167 1986 234 2033 vit,
255 1987 318 2025 ille
345 1987 495 2037 legibus
523 2001 591 2037 per
614 1987 692 2025 vim
722 1995 761 2026 et
787 1996 924 2026 contra
949 1988 1124 2038 auspicia
1149 1989 1319 2027 ferendis
1348 1998 1497 2038 auctor,

168 2051 231 2089 ille
252 2052 402 2090 Galliae
427 2052 617 2091 ulterioris
644 2052 864 2100 adiunctor,
884 2053 948 2092 ille
971 2067 1102 2103 gener,
1122 2053 1186 2092 ille
1207 2054 1246 2092 in
1266 2056 1497 2105 adoptando

212 2166 230 2185 2
254 2156 398 2185 excedat
409 2155 589 2186 EO2M³sz
613 2156 751 2186 accedat
769 2157 861 2195 (cum
876 2156 1018 2187 Italiam&
1040 2156 1136 2187 ΟΙᾹῙ1
1155 2170 1162 2188 :
1187 2159 1284 2189 cedat
1303 2158 1376 2189 Vict.
1394 2160 1495 2199 vulg„

0 2223 3 2270 Ε
157 2200 333 2272 Ῑὲζέι·ἔ“ἐ
363 2251 375 2270 1
420 2199 737 2273 Ξῇῗξῗυῗὲἲέἒξῖῗὲ
748 2199 888 2273 sssss‘zssl}
899 2200 1094 2273 “5123520‘2
1111 2201 1247 2232 “²‘⁶⁷²'“⁸
1263 2201 1396 2275 Mall'ip
1404 2251 1414 2275 t
1471 2207 1498 2233 Α

166 2284 245 2316 add.
264 2286 307 2315 sit
330 2252 400 2323 qui3
412 2285 511 2315 suerit
537 2284 721 2325 Lehmann,
737 2266 834 2317 ‘tutus
858 2267 951 2327 Boot,
971 2255 1180 2318 sitlsffigiuris
1203 2250 1343 2319 iocfffe
1365 2257 1498 2320 sstiiiiiss

166 2328 243 2359 add.
262 2339 383 2358 nomen
401 2328 466 2360 Iac.
487 2329 672 2359 Gronovius
804 2340 846 2360 20
870 2330 981 2369 aliquo
999 2330 1070 2360 fore
1089 2331 1214 2362 ERM:
1238 2343 1267 2362 a.
1290 2332 1375 2362 forte
1395 2333 1496 2363 O²slz

167 2382 195 2403 a.
209 2371 352 2402 fortasse
366 2370 395 2400 L
411 2372 551 2413 (marg.)
567 2383 573 2402 ε
596 2383 625 2403 a.
643 2382 704 2403 suo
718 2374 795 2404 coni.
810 2373 894 2403 Boot
907 2385 913 2404 z
937 2373 1110 2413 aliquanto
1124 2376 1249 2405 maiore
1262 2375 1385 2406 Miiller
1455 2386 1493 2406 21

167 2415 335 2445 dedecore
351 2426 367 2445 s
382 2427 388 2445 z
413 2415 536 2445 docere
553 2415 680 2446 ERM:
706 2416 818 2446 dolere
845 2416 887 2446 Ο2
1018 2427 1058 2455 27
1084 2428 1146 2457 per
1163 2419 1227 2448 vim
1245 2424 1277 2448 et
1302 2419 1362 2448 M²
1378 2431 1384 2450 ε
1408 2430 1498 2450 servi

168 2459 233 2488 mei
261 2458 370 2488 OM1:
398 2459 508 2489 Servii
533 2459 596 2489 mei
623 2459 685 2489 Cs:
710 2460 747 2490 C.
768 2460 896 2490 Metelli
922 2460 1100 2491 Ascensius
1118 2461 1176 2503 (ed.
1196 2466 1229 2502 2)
1250 2462 1335 2494 Cral.
