1773 2651
205 183 272 219 IV.
297 181 325 217 ii
657 180 711 215 M.
744 179 912 215 TVLLI
945 178 1252 216 CICERONIS

288 290 405 330 etiarn
441 290 673 341 profuisset:
708 302 841 327 verum
866 288 996 335 iidem,
1027 288 1080 326 mi
1110 290 1155 326 T.
1182 288 1387 338 Pomponi,
1412 289 1529 327 iidem
1562 289 1615 327 in-

284 370 403 407 quam
443 356 495 394 illi
536 369 635 405 quos
676 368 725 393 ne
765 362 805 392 tu
840 354 1003 403 quidem
1042 353 1196 404 ignoras
1235 354 1301 403 qui
1342 353 1437 391 mihi
1475 354 1615 404 pinnas

287 421 504 460 inciderant
525 422 665 458 nolunt
695 420 853 457 easdem
885 418 1045 456 renasci.
1105 420 1193 464 Sed,
1227 426 1269 456 ut
1298 432 1426 468 spero,
1455 418 1531 456 iarn
1563 433 1616 457 re-

286 494 510 525 nascuntur.
570 487 633 522 Tu
654 485 776 522 modo
796 485 847 522 ad
873 497 945 521 nos
966 483 1055 521 veni
1074 498 1083 531 3
1113 485 1221 533 quod
1243 496 1378 522 vereor
1397 497 1448 522 ne
1469 484 1615 522 tardius

287 551 506 589 interventu
528 549 714 588 Varronis
736 548 791 587 tui
813 548 1015 598 nostrique
1036 548 1167 587 facias.
1637 561 1653 592 5

238 617 266 654 6
342 615 543 665 Quoniam
573 622 660 653 acta
689 628 790 663 quae
814 614 890 651 sint
915 614 1049 660 habes,
1072 614 1123 651 de
1147 613 1296 662 reliqua
1324 621 1456 651 nostra
1475 614 1617 663 cogita-

287 681 393 719 tione
423 693 630 730 cognosce.
701 681 785 729 Ego
807 692 870 716 me
897 692 920 716 a
948 678 1140 727 Pompeio
1160 678 1278 728 legari
1299 678 1351 716 ita
1372 692 1458 716 sum
1479 693 1616 728 passus

284 753 326 783 ut
356 747 463 783 nulla
492 758 532 782 re
562 743 781 793 impedirer.
844 744 965 792 Quod
994 742 1069 781 nisi
1098 744 1239 781 vellem
1271 742 1366 780 mihi
1391 751 1493 782 esset
1523 744 1617 782 inte-

284 824 396 860 grum
428 817 481 856 ut,
514 809 544 847 si
572 809 732 847 comitia
762 822 970 847 censorum
1002 807 1167 858 proximi
1199 810 1381 846 consules
1412 809 1613 855 haberent,

285 883 418 924 petere
452 888 622 924 possem,
659 874 829 912 votivam
863 873 1098 924 legationem
1135 873 1389 923 sumpsissem
1424 887 1547 924 prope
1579 886 1676 912 o-10

287 939 437 978 mnium
456 941 646 986 fanorum,
663 941 841 977 lucorum
861 953 868 981 ;
893 938 948 976 sic
965 938 1071 976 enim
1086 945 1241 976 nostrae
1255 938 1424 977 rationes
1441 938 1617 977 utilitatis

285 1018 396 1042 meae
424 1004 689 1053 postulabant.
761 1005 840 1041 Sed
871 1003 977 1041 volui
1008 1016 1138 1041 meam
1173 1010 1410 1052 potestatem
1442 1017 1527 1042 esse
1557 1006 1617 1043 vel

286 1069 446 1120 petendi
476 1071 536 1107 vel
567 1069 728 1108 ineunte
757 1076 905 1107 aestate
930 1067 1099 1107 exeundi
1127 1075 1165 1106 et
1192 1068 1339 1107 interea
1366 1082 1429 1106 me
1461 1082 1546 1107 esse
1578 1069 1617 1107 in

286 1135 410 1173 oculis
458 1134 602 1173 civium
651 1135 702 1172 de
744 1148 807 1172 me
852 1133 1002 1184 optime
1051 1133 1278 1172 meritorum
1325 1147 1405 1171 non
1444 1134 1617 1173 alienum

286 1199 429 1250 putavi.
1642 1209 1676 1242 ¹5

242 1273 266 1312 7
340 1267 398 1303 Ac
430 1264 642 1303 forensium
675 1264 837 1314 quidem
868 1278 995 1302 rerum
1029 1265 1126 1302 haec
1159 1272 1291 1302 nostra
1321 1263 1484 1302 consilia
1513 1273 1615 1313 sunt,

284 1329 591 1368 domesticarum
621 1338 753 1367 autem
784 1330 898 1367 valde
929 1329 1129 1379 impedita.
1192 1331 1346 1367 Domus
1375 1329 1615 1376 aedificatur,

284 1396 358 1434 scis
389 1409 469 1445 quo
498 1403 670 1444 sumptu,
694 1409 772 1444 qua
793 1394 997 1442 molestia,
1027 1394 1197 1433 reficitur
1219 1394 1485 1442 Formianum,
1508 1397 1617 1445 quod

283 1474 356 1510 ego
387 1474 460 1499 nec
493 1460 711 1510 relinquere
746 1473 907 1510 possum
941 1473 1013 1498 nec
1045 1459 1202 1506 videre3
1230 1461 1501 1498 Tusculanum
1533 1475 1618 1511 pro-

283 1525 443 1576 scripsi;
472 1525 700 1563 suburbano
728 1525 840 1563 facile
870 1538 994 1563 careo.
1054 1524 1285 1562 Amicorum
1307 1524 1527 1575 benignitas
1557 1541 1618 1565 ex·
1638 1539 1678 1560 20

283 1593 423 1630 hausta
443 1598 500 1630 est
523 1591 562 1629 in
587 1605 633 1630 ea
660 1605 699 1630 re
727 1605 828 1640 quae
850 1590 946 1628 nihil
968 1590 1106 1628 habuit
1126 1598 1279 1640 praeter
1300 1591 1485 1637 dedecus,
1509 1594 1617 1641 quod

284 1656 437 1695 sensisti
471 1664 512 1694 tu
543 1657 687 1695 absens
719 1670 785 1694 nos
814 1664 1066 1706 praesentes;
1105 1670 1273 1706 quorum
1309 1657 1447 1695 studiis
1478 1671 1550 1707 ego
1580 1666 1618 1696 et

284 1721 422 1771 copiis,
453 1721 484 1759 si
519 1729 621 1759 esset
654 1735 722 1771 per
753 1735 862 1759 meos
896 1722 1122 1759 defensores
1155 1720 1318 1769 licitum,
1349 1722 1461 1760 facile
1491 1736 1617 1761 essem

284 1786 418 1825 omnia
447 1794 693 1824 consecutus.
754 1788 846 1835 Quo
873 1786 912 1824 in
936 1800 1078 1836 genere
1104 1800 1211 1824 nunc
1232 1788 1484 1825 vehementer
1513 1788 1618 1827 labo—

285 1859 397 1890 ratur.
458 1852 599 1890 Cetera
623 1865 724 1901 quae
749 1865 811 1889 me
836 1851 1047 1889 sollicitant
1066 1852 1321 1901 μυστικώτερα
1341 1859 1441 1889 sunt.
1501 1855 1617 1891 Ama·
1639 1869 1674 1899 ²5

286 1930 372 1954 mur
391 1930 414 1954 a
435 1917 548 1954 fratre
569 1924 606 1954 et
627 1930 649 1954 a
670 1916 757 1954 filia.
824 1918 874 1954 7}
899 1924 1183 1966 exspectamus.

331 2031 348 2059 7
373 2032 391 2051 a
419 2031 483 2050 ont.
508 2019 654 2061 illadwg
673 2020 729 2050 secl
750 2021 788 2060 cf.
810 2021 871 2051 xiV.
894 2031 940 2059 13.
962 2033 980 2060 4
1157 2032 1177 2060 9
1201 2027 1246 2055 ut.
1267 2022 1294 2052 si
1324 2022 1522 2061 Hofnmnn:
1558 2028 1615 2053 aut

286 2064 313 2095 si
331 2064 417 2095 codd.
545 2074 582 2094 10
607 2074 740 2103 possem
758 2064 795 2096 l:
822 2070 962 2104 possent
980 2064 1066 2096 codd.
1161 2066 1378 2105 sumpsissem
1400 2066 1427 2096 C
1439 2065 1617 2096 Ascensius

288 2107 350 2142 (cd.
373 2108 426 2147 1):
450 2108 634 2147 sumpsisse
654 2107 741 2138 codd.
856 2108 979 2147 prope]
999 2119 1059 2147 pro
1078 2119 1107 2147 p.
1129 2108 1168 2139 R.
1191 2109 1328 2149 (populo
1345 2109 1515 2146 Romano)
1535 2110 1612 2140 coni.

289 2151 406 2181 Orelli:
433 2161 463 2190 p.
487 2151 528 2182 R.
549 2151 776 2181 communium
794 2151 988 2191 Sternkosgf:
1015 2162 1120 2191 prope
1140 2177 1145 2182 .
1168 2176 1175 2182 .
1198 2176 1204 2182 .
1226 2152 1375 2182 lucorum
1392 2153 1458 2184 secl.
1477 2153 1612 2186 Ernesti.

287 2198 399 2224 temere
534 2205 567 2224 11
596 2196 747 2225 lucorum
765 2195 887 2225 Bosins
906 2206 912 2224 z
939 2196 1088 2225 locorum
1105 2195 1193 2225 codd.
1297 2196 1450 2226 utilitatis
1468 2207 1562 2226 meae
1580 2196 1621 2225 H

285 2236 479 2277 Slcrnkopf:
505 2238 663 2268 utilitates
676 2248 770 2268 meae
782 2238 869 2268 codd.
887 2238 1076 2278 praelerH:
1093 2239 1161 2269 secl.
1175 2239 1289 2268 Baiter
1379 2241 1415 2269 18
1440 2240 1593 2269 molestia
1609 2251 1615 2270 ε

288 2281 436 2310 reficitur
453 2279 547 2312 Mem.
568 2293 575 2312 z
602 2282 755 2312 molestia
774 2282 944 2311 reficiatur
960 2282 1050 2312 codd.
1062 2283 1151 2322 vulg.
1267 2293 1309 2313 20
1335 2282 1431 2313 facile
1450 2282 1501 2311 Ml
1517 2294 1522 2312 :
1549 2293 1614 2312 non

289 2324 385 2353 facile
404 2323 444 2352 M
449 2323 461 2341 ²
477 2328 505 2354 ct
522 2326 609 2354 remi
622 2325 708 2355 rodd.
728 2336 734 2354 τ
761 2329 836 2354 ante
851 2325 1044 2355 suburbano
1071 2325 1146 2356 add.
1166 2326 1228 2356 etsi
1247 2325 1375 2365 Kayser
1490 2336 1530 2356 22
1556 2336 1616 2356 nos

288 2367 363 2397 add.
385 2367 525 2408 Madvzgr
636 2373 833 2407 praesentes
850 2368 938 2398 codd.
956 2380 962 2398 ε
988 2378 1149 2407 praesens
1169 2369 1369 2400 Gronovius:
1388 2379 1616 2409 praesensque

290 2409 479 2450 Alalaspina
607 2414 648 2441 26
672 2412 720 2441 Te
737 2411 812 2442 add.
833 2410 926 2441 Man.
