1732 2661
785 599 948 639 SIGLA

367 738 443 772 C=
461 748 589 781 margo
607 735 779 770 editionis
800 735 1068 770 Cratandrinae
1089 734 1274 780 (Basileae
1297 734 1401 779 1528)

293 797 389 831 Crat.
409 813 442 826 =
460 795 636 830 lectiones
656 795 691 829 in
711 801 809 828 textu
828 793 1000 829 editionis
1021 793 1288 828 Cratandrinae

356 855 392 888 Z
408 870 441 881 =
459 855 574 888 codex
592 853 842 887 Tornesianus
862 853 934 887 iam
954 852 1166 896 deperditus
1186 851 1273 895 (vid.
1296 852 1428 895 Praef.)

199 911 256 957 2²,
271 911 332 955 Z''‚
347 912 393 946 Z²
409 928 442 940 =
461 913 577 946 codex
615 911 866 945 Tornesianus
909 911 1113 945 secundum
1158 910 1325 944 Lambini
1369 917 1404 944 et
1446 909 1530 943 Eosi

497 977 532 1004 et
551 969 712 1003 Turnebi
732 967 943 1002 testimonia

270 1028 393 1063 Lamb.
411 1043 445 1056 =
461 1028 638 1062 lectiones
654 1027 688 1061 in
703 1033 801 1061 textu
816 1026 987 1061 editionis
1004 1026 1271 1061 Lambinianae
1286 1027 1342 1061 vel
1360 1025 1530 1060 Lambini

497 1085 729 1120 coniecturae

199 1149 231 1182 L
246 1148 395 1192 (mmg.)
412 1144 635 1179 :lectiones
657 1143 826 1177 Lambini
847 1143 882 1176 in
902 1154 1016 1186 marg.
1037 1143 1210 1178 editionis
1229 1141 1442 1187 posterioris

318 1217 352 1239 v.
366 1216 392 1239 c.
409 1219 444 1232 =
461 1203 638 1237 lectiones
657 1201 788 1236 veteris
807 1200 945 1235 codicis
971 1202 1141 1241 (fortasse
1161 1202 1202 1245 Z)
1227 1201 1262 1235 in
1287 1200 1451 1244 margine
1473 1199 1530 1234 ed.

499 1259 764 1294 Lambinianae
784 1259 996 1303 posterioris

349 1320 445 1355 W:
461 1320 668 1363 fragmenta
693 1317 829 1351 codicis
850 1317 1193 1362 wurceburgensis,
1218 1318 1327 1353 saecl.
1348 1324 1383 1352 ut
1405 1318 1476 1351 vid.
1496 1316 1529 1351 xi

497 1376 659 1412 exeuntis
680 1377 734 1410 vel
753 1376 798 1410 xii
821 1376 979 1411 ineuntis

347 1511 444 1545 ΜΞ
462 1509 578 1545 codex
599 1508 792 1543 Mediceus
812 1518 868 1552 49.
890 1509 943 1551 18,
963 1509 1048 1542 anni
1070 1509 1160 1552 1389

379 1582 396 1603 s
413 1585 445 1597 =
463 1569 576 1604 codex
594 1567 754 1603 Vrbinas
775 1567 811 1601 in
830 1567 915 1601 bibl.
935 1566 1117 1601 Vaticana
1138 1576 1216 1611 322,
1237 1566 1345 1601 saecl.
1364 1578 1420 1600 κν.

367 1634 394 1661 Δ
411 1644 444 1656 --
461 1638 662 1662 consensus
683 1625 853 1660 codicum
876 1627 912 1659 Μ
934 1632 968 1660 et
987 1637 1005 1659 s

358 1762 394 1795 E
410 1777 443 1789 =
461 1766 632 1805 excerpta
650 1757 901 1793 Ambrosiana
922 1758 952 1791 E
976 1765 1030 1800 14,
1050 1756 1158 1791 saecl.
1178 1763 1215 1791 ut
1234 1756 1308 1790 vid.
1324 1756 1393 1791 xiv.

355 1821 444 1853 JV=
464 1819 579 1854 codex
611 1817 881 1852 Laurentianus
911 1827 955 1850 ex
980 1814 1135 1849 'abbatia
1164 1814 1378 1849 Florentina
1408 1826 1441 1848 n.
1479 1824 1531 1857 14,

497 1877 603 1912 saecl.
624 1877 683 1910 xiv
702 1875 866 1910 exeuntis
889 1875 944 1909 vel
963 1886 1009 1908 xv
1028 1872 1187 1907 ineuntis

351 1937 444 1970 H=
461 1936 578 1970 codex
614 1934 827 1969 Landianus
865 1933 900 1967 in
939 1931 1025 1967 bibl.
1057 1931 1272 1966 Placentina
1302 1931 1333 1973 8,
1365 1929 1531 1964 eiusdem

495 1993 626 2029 aetatis

367 2067 391 2087 π
408 2069 442 2082 =
459 2053 575 2087 codex
599 2050 787 2085 Parisinus
813 2049 850 2084 in
875 2049 961 2084 bibl.
983 2047 1160 2082 nationali
1186 2047 1321 2090 (NouV.
1342 2046 1467 2081 Fonds
1490 2047 1531 2080 16

497 2112 593 2153 248),
613 2110 688 2144 fere
707 2109 872 2143 eiusdem
891 2108 1021 2143 aetatis

363 2170 394 2204 0
409 2185 443 2197 =
461 2169 577 2203 codex
612 2166 850 2201 Taurinensis
884 2166 905 2201 i.
938 2174 966 2210 5.
1000 2176 1043 2209 34
1077 2164 1112 2198 in
1143 2163 1228 2197 bibl.
1261 2161 1530 2206 Vniversitatis‚

497 2226 605 2261 saecl.
625 2238 670 2259 xv

360 2286 576 2320 P=codex
609 2284 797 2318 Parisinus
829 2283 865 2317 in
895 2283 983 2317 bibl.
1011 2280 1185 2315 nationali
1218 2279 1320 2324 8536,
1348 2279 1458 2314 saecl.
1488 2292 1532 2313 xv

498 2342 656 2377 ineuntis

360 2403 395 2436 R
411 2417 444 2429 =
462 2401 577 2437 codex
596 2401 783 2435 Parisinus
804 2400 840 2434 in
858 2399 943 2434 bibl.
965 2397 1141 2432 nationali
1162 2397 1266 2440 8538,
1287 2395 1374 2430 anni
1398 2405 1486 2439 1419

369 2465 392 2494 Σ
412 2476 446 2489 =
464 2471 666 2496 consensus
685 2459 855 2494 codicum
874 2458 1060 2493 ENHOP
1081 2463 1143 2491 aut
1163 2456 1270 2491 EOR
1289 2461 1351 2489 aut
1371 2455 1473 2489 ORP
