1732 2661
204 182 233 218 Ι.
257 181 335 217 xiv
573 182 628 218 M.
662 182 830 218 TVLLI
863 182 1172 219 CICERONIS

245 290 491 329 Aristarchus
524 305 575 338 es,
609 293 717 329 soleo
749 291 922 340 pingere,
953 292 1004 329 de
1034 292 1207 338 flamma,
1237 292 1288 330 de
1322 293 1422 329 ferro
1451 290 1571 339 (nosti

244 354 327 393 illas
358 355 568 405 ληκύθους),
604 357 716 393 valde
748 355 913 404 graviter
946 356 1148 405 pertexuit.
1224 356 1427 395 Proximus
1459 358 1572 394 Pom-

243 420 376 470 peium
397 421 596 459 sedebam.
660 421 839 459 Intellexi
870 421 1074 459 hominem
1103 422 1250 460 moveri
1272 420 1441 474 [verum]
1463 423 1573 461 Cras-

243 499 330 522 sum
363 485 458 524 inire
490 499 577 523 eam
606 485 768 535 gratiam
796 499 915 535 quam
941 486 1024 535 ipse
1051 486 1382 536 praetermisisset,
1409 500 1461 525 an
1487 500 1573 525 esse

245 558 371 588 tantas
399 564 458 589 res
485 558 637 588 nostras
668 564 769 600 quae
799 558 880 588 tani
907 550 1045 588 libenti
1073 559 1212 588 senatu
1238 552 1500 597 laudarentur,
1523 551 1573 589 ab
1594 563 1610 594 5

245 629 292 653 eo
330 615 556 665 praesertim
597 615 664 665 qui
697 615 793 653 mihi
829 617 989 654 laudem
1028 615 1134 653 illam
1170 629 1218 653 eo
1253 615 1381 653 minus
1413 616 1574 654 deberet

244 681 353 730 quod
375 680 472 718 meis
499 680 685 718 omnibus
710 680 846 718 litteris
877 680 917 718 in
943 680 1187 729 Pompeiana
1213 681 1329 718 laude
1349 680 1574 730 perstrictus

197 759 223 795 4
245 753 355 783 esset.
417 745 497 784 Hic
518 745 602 784 dies
624 759 686 783 me
707 747 822 783 valde
844 747 988 784 Crasso
1008 745 1199 792 adiunxit,
1219 752 1258 783 et
1285 752 1417 783 tamen
1437 745 1488 783 ab
1508 745 1574 783 illo

243 818 376 860 aperte
415 818 516 849 tecte
555 810 746 860 quicquid
786 818 844 848 est
882 812 1034 857 datum,
1065 810 1232 848 libenter
1269 810 1414 860 accepi.
1490 811 1575 860 Ego

243 883 377 913 autern
401 875 494 925 ipse,
518 875 559 913 di
580 875 675 914 boni
695 878 702 912 l
733 889 814 925 quo
841 877 963 914 modo
991 877 1355 926 ἐνεπερπερευσάμην
1381 889 1486 914 novo
1511 889 1575 914 au·
1597 891 1635 913 10

243 941 359 980 ditori
396 941 611 991 Pompeio!
670 940 709 979 Si
741 955 932 991 uniquam
964 941 1062 979 mihi
1090 942 1262 991 περίοδοι,
1294 941 1326 979 si
1359 942 1509 991 καμπαί,
1544 940 1575 979 si

244 1006 495 1056 ἐνθυμήματα,
533 1005 565 1043 si
606 1007 830 1044 κατασκευαὶ
877 1006 1238 1056 suppeditaverunt,
1274 1005 1342 1044 illo
1385 1013 1572 1056 tempore.

244 1071 352 1120 Quid
393 1072 544 1108 multa?
584 1073 785 1110 clamores.
851 1071 1010 1110 Etenim
1050 1073 1147 1110 haec
1186 1080 1266 1110 erat
1304 1072 1488 1118 ὑπόθεσις,
1525 1073 1576 1110 de

242 1137 429 1187 gravitate
468 1137 626 1183 ordinis,
665 1138 715 1176 de
754 1137 925 1187 equestri
964 1137 1188 1184 concordia,
1225 1139 1275 1176 de
1313 1137 1575 1176 consensione

245 1202 392 1248 Italiae,
425 1203 476 1240 de
505 1201 772 1240 intermortuis
804 1201 977 1251 reliquiis
1009 1202 1302 1249 coniurationis,
1334 1203 1385 1240 de
1416 1201 1572 1247 vilitate,
1599 1216 1634 1247 15

243 1268 293 1305 de
313 1267 405 1305 otio.
467 1266 583 1305 Nosti
604 1267 681 1304 iarn
710 1266 750 1304 in
777 1268 850 1305 hac
876 1266 1039 1305 materia
1059 1267 1210 1306 sonitus
1232 1275 1395 1306 nostros.
1456 1266 1575 1304 Tanti

244 1333 399 1370 fuerunt
421 1339 463 1369 ut
489 1345 562 1381 ego
589 1345 637 1369 eo
662 1331 817 1370 brevior
842 1331 916 1369 sim
944 1332 1054 1381 quod
1084 1345 1152 1370 eos
1183 1345 1308 1382 usque
1329 1331 1443 1370 istinc
1464 1344 1577 1369 exau-

243 1396 347 1435 ditos
368 1404 513 1446 putem.

199 1478 224 1518 5
299 1463 505 1500 Romanae
543 1469 676 1500 autem
716 1475 757 1500 se
796 1475 855 1499 res
895 1461 951 1499 sic
993 1462 1152 1500 habent.
1232 1463 1398 1500 Senatus
1431 1460 1578 1511 ’Ἄρειος

242 1528 388 1579 πάγος;
416 1527 512 1564 nihil
540 1526 795 1573 constantius,
819 1526 915 1564 nihil
941 1527 1126 1575 severius,
1147 1526 1243 1564 nihil
1264 1526 1409 1564 fortius.
1471 1528 1574 1564 Nam
1598 1540 1636 1561 20

243 1607 335 1632 curn
365 1592 449 1631 dies
474 1592 644 1630 venisset
675 1592 869 1642 rogationi
899 1606 946 1630 ex
976 1600 1135 1630 senatus
1165 1593 1348 1631 consulto
1378 1593 1572 1638 ferendae,

243 1658 533 1696 concursabant
568 1657 763 1695 barbatuli
795 1657 971 1704 iuvenes,
1005 1664 1111 1695 totus
1145 1657 1210 1695 ille
1244 1670 1334 1707 grex
1368 1657 1576 1704 Catilinae,

243 1724 346 1761 duce
380 1722 499 1760 filiola
529 1721 727 1769 Curionis,
759 1730 796 1759 et
829 1724 1021 1772 populum
1050 1730 1091 1759 ut
1122 1721 1343 1771 antiquaret
1373 1722 1572 1771 rogabant.

245 1786 336 1825 Piso
374 1794 507 1824 autem
546 1788 685 1824 consul
724 1788 823 1824 lator
862 1786 1076 1836 rogationis
1108 1786 1215 1824 idem
1251 1794 1331 1824 erat
1365 1786 1573 1824 dissuasor.

244 1854 399 1902 Operae
427 1851 645 1890 Clodianae
675 1851 806 1901 pontis
837 1859 1091 1901 occuparant,
1112 1852 1279 1889 tabellae
1307 1850 1577 1889 ministraban-
1599 1864 1635 1896 :5

244 1925 305 1955 tur
336 1916 389 1954 ita
422 1924 464 1954 ut
499 1918 606 1954 nulla
635 1918 793 1955 daretur
823 1919 913 1954 ‘VTI
948 1919 1105 1955 ROGAs.'
1164 1916 1245 1954 Hic
1275 1916 1345 1954 tibi
1379 1917 1420 1953 in
1454 1924 1576 1954 rostra

287 2032 306 2051 2
333 2020 508 2050 Proximus
536 2020 734 2059 Pompeium
761 2019 936 2050 Diomedes
954 2025 987 2060 j).
1009 2030 1082 2058 410.
1115 2031 1130 2058 7
1156 2019 1202 2050 cd.
1218 2019 1299 2053 Keil,
1320 2019 1356 2058 ‘s-
1386 2019 1457 2049 Tac.
1478 2019 1573 2051 Anu.

244 2076 296 2095 xv.
322 2074 369 2102 15.
389 2066 428 2093 6:
456 2064 608 2102 proxime
630 2064 827 2102 Pompeium
845 2063 875 2092 Z
897 2075 935 2093 m·
960 2074 1066 2093 mmm
1095 2063 1289 2093 ‘correctoris
1304 2073 1358 2092 scu
1379 2063 1491 2102 potius
1513 2073 1576 2092 cot*-

245 2107 403 2148 rnplorz's'
432 2106 603 2146 (Lamb.::
640 2107 817 2136 Proximus
845 2107 1009 2145 Pompeio
1036 2105 1077 2135 M
1215 2117 1234 2145 3
1258 2117 1373 2136 verum
1400 2105 1442 2134 M
1465 2106 1576 2136 Rau:

244 2156 353 2181 utrum
372 2150 412 2180 M
427 2154 550 2190 [mmg.
563 2156 568 2178 'i
587 2161 594 2180 ι
618 2150 685 2180 secl.
713 2149 901 2189 Wesenberg
917 2150 1149 2189 Macnaglzlmz,
1168 2150 1263 2179 bene:
1288 2154 1397 2179 utrum
1420 2149 1577 2180 crederet

248 2194 372 2224 Vahlen
507 2204 523 2231 7
543 2196 620 2232 post
636 2194 720 2223 meis
736 2193 809 2223 add.
829 2192 1039 2223 orationibus
1057 2193 1156 2224 Rom.
1182 2193 1301 2232 Tyrrell
1401 2202 1422 2231 9
1445 2198 1572 2231 aperte.

246 2242 334 2268 tecte
354 2236 478 2266 Msiller
610 2247 645 2266 Π
672 2235 790 2274 καμπαὶ
816 2237 959 2266 Rosius:
983 2237 1093 2274 καρποί
1118 2236 1230 2267 codd:
1264 2235 1353 2265 τύποι
1371 2236 1449 2265 coni.
1472 2235 1576 2266 Reid:

236 2282 316 2320 sort.
338 2280 434 2310 κοινοῖ
453 2279 553 2310 τύποι.
661 2290 699 2309 12
724 2278 928 2316 κατασκευαί,
946 2280 1251 2318 suppeditaverunt
1268 2279 1385 2309 Klotz:
1411 2290 1480 2308 κατ.
1498 2289 1575 2318 sup-

246 2325 496 2363 peditaverunt,
531 2324 833 2362 suppeditaverunt
862 2323 939 2353 coni.
975 2323 1095 2361 Zvrrcll
1282 2333 1319 2360 15
1345 2323 1576 2352 intermortuis

247 2367 366 2397 Lamb.
385 2379 391 2397 ε
431 2367 619 2396 immortuis
638 2366 679 2395 M
808 2367 938 2396 vilitate
961 2365 1048 2406 vulg.
1068 2378 1075 2397 :
1113 2366 1257 2396 utilitate
1283 2366 1324 2395 M
1475 2366 1517 2395 26
1542 2366 1576 2395 in

247 2411 321 2441 add.
345 2409 533 2450 lVescnbcag
548 2409 671 2440 Mz‘illcr
