1773 2651
178 176 227 214 V.
249 176 295 213 iv
651 177 706 212 M.
739 176 907 212 TVLLI
940 175 1247 214 CICERONIS

245 450 263 477 1

229 1433 254 1460 2

326 282 391 317 IV
600 286 668 317 δυ’.
690 286 866 316 Beneventi
877 286 908 315 iv
926 284 975 317 Id.
994 284 1074 315 ffilaz'.
1094 296 1122 315 α.
1146 295 1199 324 70]
1220 285 1304 325 (51).

696 363 872 394 CICERO
897 362 1068 392 ATTICO
1096 362 1194 393 SAL.

336 443 608 480 Beneventum
642 439 729 478 veni
764 453 796 477 a.
830 440 866 477 d.
901 451 924 475 v
954 440 1049 477 Idus
1083 439 1222 477 Maias.
1283 439 1345 477 Ibi
1378 439 1513 490 accepi
1548 453 1612 478 eas

281 505 426 545 litteras
449 520 545 556 quas
567 514 608 544 tu
630 504 896 555 superioribus
918 504 1053 542 litteris
1076 504 1361 554 significaveras
1383 512 1420 543 te
1441 505 1612 552 dedisse,

279 573 330 610 ad
358 586 455 622 quas
485 585 558 621 ego
587 585 635 609 eo
666 571 752 621 ipso
781 571 846 608 die
874 571 1061 608 dederam
1089 584 1135 608 ex
1156 571 1384 609 Trebulano
1407 584 1430 608 a
1455 570 1608 609 Pontio.
1633 587 1649 617 5

279 639 339 675 Ac
371 637 483 675 binas
515 637 676 687 quidem
712 644 798 674 tuas
839 635 1056 674 Beneventi
1094 636 1227 685 accepi
1269 650 1433 685 quarum
1472 638 1611 674 alteras

281 702 544 740 Funisulanus
572 703 697 740 multo
725 715 841 739 mane
870 701 965 738 mihi
988 701 1107 747 dedit,
1131 703 1270 739 alteras
1297 701 1424 739 scriba
1443 701 1607 739 Tullius.

278 768 508 806 Gratissima
529 776 587 807 est
614 767 711 805 mihi
734 775 800 805 tua
827 781 919 805 cura
945 768 994 804 de
1020 766 1086 804 illo
1112 780 1201 804 meo
1228 766 1354 816 primo
1379 774 1417 804 et
1438 767 1609 805 maximo

278 835 490 881 mandato,
521 835 590 872 sed
612 841 678 871 tua
698 832 890 883 profectio
912 845 1022 882 spem
1040 846 1170 870 meam
1192 831 1379 869 debilitat.
1440 834 1500 870 Ac
1521 837 1608 871 *rme

276 899 339 937 ille
360 899 456 937 illud
478 900 617 945 labat†,
642 912 722 936 non
745 912 889 948 quoa,
914 899 983 936 sed
1006 897 1139 947 inopia
1159 897 1336 947 cogimur
1362 911 1410 936 eo
1431 898 1607 936 contenti
1631 915 1669 937 10

275 978 370 1003 esse.
433 966 493 1002 De
532 964 599 1002 illo
637 965 759 1002 altero
794 977 913 1013 quem
953 962 1089 1000 scribis
1128 962 1198 1000 tibi
1237 962 1363 1000 visum
1402 976 1487 1001 esse
1526 978 1607 1003 non

275 1028 458 1075 alienum,
493 1042 627 1067 vereor
658 1027 804 1066 adduci
835 1035 877 1065 ut
905 1035 1037 1066 nostra
1067 1027 1201 1077 possit,
1233 1035 1271 1065 et
1301 1035 1342 1065 tu
1376 1027 1432 1065 ais
1464 1029 1608 1067 δυσδιά-

274 1113 441 1147 γνωστον
467 1109 562 1133 6556.
638 1093 835 1144 Equidem
867 1107 954 1131 sum
985 1092 1117 1138 facilis,
1151 1094 1220 1131 sed
1249 1100 1289 1130 tu
1319 1093 1446 1131 aberis
1475 1102 1514 1132 et
1544 1109 1607 1133 me

271 1162 435 1200 absente
456 1175 515 1199 res
540 1162 715 1198 haerebit.
780 1158 960 1197 Habebis
983 1158 1059 1197 mei
1081 1158 1283 1197 rationem.
1345 1161 1449 1197 Nam
1474 1169 1607 1210 posset

272 1226 431 1277 aliquid,
465 1226 495 1264 si
523 1225 666 1264 utervis
698 1232 875 1263 nostrum
906 1225 1073 1270 adesset,
1105 1231 1246 1274 agente
1281 1224 1442 1262 Servilia
1473 1225 1606 1265 Servio
1631 1245 1667 1277 15

274 1291 355 1329 fieri
386 1291 600 1342 probabile.
662 1292 780 1329 Nunc
813 1289 843 1328 si
883 1289 959 1327 iam
994 1303 1052 1328 res
1092 1291 1255 1340 placeat,
1291 1290 1434 1340 agendi
1473 1298 1604 1330 tamen

272 1356 374 1394 viam
405 1371 485 1395 non
515 1356 641 1395 video.

328 1424 446 1460 Nunc
481 1422 596 1460 venio
630 1423 680 1460 ad
716 1435 804 1460 eam
839 1420 1048 1471 epistulam
1084 1434 1204 1470 quam
1236 1421 1371 1471 accepi
1405 1436 1428 1460 a
1459 1423 1604 1461 Tullio.

274 1488 335 1525 De
372 1489 562 1526 Marcello
597 1487 721 1525 fecisti
754 1486 971 1536 diligenter.
1034 1486 1157 1535 Igitur
1189 1494 1346 1525 senatus
1378 1490 1603 1526 consultum

271 1552 302 1590 si
334 1553 404 1592 erit
439 1555 596 1600 factum,
626 1552 772 1591 scribes
802 1553 853 1590 ad
885 1565 974 1599 me3
1003 1551 1033 1589 si
1065 1552 1205 1598 minus,
1239 1566 1320 1590 rem
1351 1560 1483 1591 tamen
1514 1568 1603 1592 con-
1626 1572 1664 1593 20

270 1618 402 1666 ficies,
432 1619 527 1656 mihi
549 1618 654 1657 enim
675 1617 833 1656 attribui
855 1617 1064 1667 oportebit,
1088 1617 1181 1656 item
1205 1618 1360 1657 Bibulo.
1419 1619 1497 1657 Sed
1522 1633 1603 1658 non

269 1684 410 1722 dubito
431 1684 526 1734 quin
553 1692 712 1722 senatus
737 1684 962 1721 consultum
992 1683 1220 1732 expeditum
1249 1683 1296 1721 sit
1324 1683 1363 1721 in
1391 1697 1471 1734 quo
1497 1698 1603 1735 prae-

269 1749 400 1787 sertim
428 1749 476 1787 sit
503 1748 785 1799 compendium
817 1748 963 1798 populi.
1027 1750 1088 1786 De
1115 1750 1319 1798 Torquato
1345 1750 1478 1799 probe.
1541 1753 1602 1789 De

270 1816 438 1853 Masone
459 1823 496 1853 et
518 1814 670 1864 Ligure,
695 1828 785 1852 curn
808 1813 995 1851 venerint.
1058 1816 1120 1853 De
1141 1814 1207 1853 illo
1229 1816 1336 1864 quod
1354 1815 1600 1865 Chaerippus

268 1880 473 1930 (quoniam
509 1879 572 1918 hic
602 1893 762 1930 quoque
797 1882 1024 1930 πρόσνευσιιι
1058 1880 1275 1930 sustulisti),
1312 1895 1336 1919 o
1375 1881 1599 1931 provincia!
1621 1894 1660 1926 25

265 1944 437 1983 etiamne
464 1945 527 1983 hic
555 1945 650 1982 mihi
680 1947 876 1984 curandus
902 1949 990 1985 est?
1025 1949 1221 1985 curandus
1248 1954 1380 1984 autem
1408 1948 1599 1985 hactenus

265 2023 314 2047 ne
344 2009 440 2059 quid
469 2011 519 2047 ad
550 2018 730 2048 senatum
766 2013 998 2049 ‘consulel'
1028 2020 1094 2049 aut
1126 2013 1354 2050 ‘numeral’
1413 2013 1517 2049 Nam
1549 2013 1599 2050 de

263 2074 550 2114 ceterisfflsed
591 2084 723 2114 tamen
764 2078 987 2123 commode,
1031 2078 1140 2127 quod
1179 2091 1269 2115 cum
1313 2078 1456 2115 Scrofa.
1537 2079 1598 2115 De

305 2187 325 2215 9
349 2188 401 2207 me
427 2178 481 2208 ille
510 2177 590 2208 illud
613 2180 703 2218 quod
731 2179 821 2209 labat
839 2174 939 2208 ZbN:
965 2189 1016 2208 me
1043 2179 1097 2208 ille
1123 2178 1203 2209 illud
1229 2177 1270 2208 M
1294 2182 1415 2219 (marg.
1441 2190 1495 2210 me
1517 2180 1595 2210 illud

262 2221 396 2260 quidem
414 2220 518 2259 labat)
535 2233 540 2250 :
568 2222 612 2251 mi
630 2222 686 2252 ille
704 2223 839 2261 quidem
864 2222 972 2260 placet
998 2220 1205 2261 lstscnhetg:
1230 2223 1271 2252 de
1295 2223 1350 2253 illo
1367 2224 1444 2253 illuc
1461 2223 1595 2262 quidem

262 2264 356 2294 labor
383 2264 513 2303 Kayser
661 2273 697 2300 13
723 2273 796 2293 sum
831 2263 936 2294 facilis
970 2274 1033 2294 om.
1072 2264 1127 2293 lll¹
1281 2275 1317 2303 14
1345 2275 1399 2295 res
1432 2266 1596 2297 haerebit.

266 2307 417 2337 Habebis
444 2307 507 2337 mei
533 2307 699 2336 rationem
723 2306 859 2336 Palmer
874 2306 1017 2336 Miiller:
1054 2317 1108 2337 res
1134 2307 1274 2337 habebis
1299 2309 1513 2339 mirationem
1534 2309 1597 2340 M:

265 2354 272 2366 ‘
283 2350 409 2381 Sensus
428 2350 560 2388 hocsem*
577 2349 706 2388 requirit
721 2350 797 2388 quis
820 2350 954 2379 habebit
971 2351 1036 2380 mei
1055 2351 1220 2380 rationem
1234 2353 1242 2381 ξ
1256 2351 1262 2360 ’
1302 2351 1419 2383 Orelli:
1435 2353 1515 2391 sort.
1540 2363 1595 2383 res

263 2394 400 2424 habebit
433 2394 627 2424 dilationem
786 2403 823 2432 15
838 2393 918 2432 fort.
954 2404 972 2423 a
1005 2394 1123 2424 Servio
1269 2396 1307 2424 18
1331 2405 1405 2425 eam
1433 2399 1456 2426 Σ
1484 2396 1597 2427 Cam:

262 2437 350 2467 illam
369 2442 396 2467 Δ
530 2447 570 2475 27
596 2447 639 2467 ne
656 2436 735 2476 quid
753 2435 805 2466 M*
824 2448 830 2467 ε
855 2441 890 2466 ut
908 2437 986 2476 quid
1007 2436 1080 2467 M22
1106 2447 1149 2468 ne
1166 2438 1240 2477 quis
1260 2437 1443 2469 Gronovius
