1732 2661
186 179 266 218 LV
590 183 644 218 M.
682 183 850 218 TVLLI
884 181 1190 220 CICERONIS

229 292 413 330 omnibus
436 292 624 330 molestiis
646 300 682 329 et
704 291 903 329 laboribus
926 305 1006 330 uno
1033 291 1099 330 illo
1124 291 1163 329 in
1189 293 1277 330 loco
1307 291 1558 342 conquiesce-

184 359 207 395 8
230 370 327 395 mus.
401 357 596 405 Quintum
636 358 790 394 fratrem
830 356 975 394 cotidie
1014 364 1296 406 exspectamus.
1373 357 1558 396 Terentia

230 435 392 471 magnos
413 422 665 459 articulorum
687 422 843 458 dolores
865 421 994 459 habet.
1055 423 1105 458 Et
1126 429 1164 459 te
1185 429 1221 459 et
1246 435 1419 459 sororem
1449 430 1556 459 tuam

227 494 265 524 et
287 494 450 524 matrem
473 486 640 524 maxime
662 485 786 534 diligit
807 487 1053 535 salutemque
1074 485 1143 524 tibi
1172 486 1377 534 plurimam
1399 486 1556 524 ascribit

227 559 264 589 et
287 551 457 589 Tulliola
482 550 646 589 deliciae
668 558 834 588 nostrae.
895 551 1000 589 Cura
1021 558 1062 588 ut
1083 552 1211 588 valeas
1233 559 1269 589 et
1292 564 1363 588 nos
1383 564 1491 589 ames
1518 559 1555 589 et

226 616 295 654 tibi
317 617 553 666 persuadeas
575 624 612 654 te
633 629 655 653 a
671 629 734 653 me
755 617 920 653 fraterne
940 615 1072 653 amari.

269 722 335 757 VI
554 726 622 757 Ser.
645 726 771 756 Romae
786 737 834 758 ex.
855 737 900 757 m.
922 726 995 757 Ian.
1014 736 1043 756 a.
1065 728 1128 766 687
1147 727 1227 767 (67).

642 804 817 834 CICERO
842 803 1013 834 ATTICO
1040 803 1137 833 SAL.

190 891 205 917 1
281 882 373 920 Non
395 881 640 920 committam
669 883 834 931 posthac
864 889 905 919 ut
933 895 996 919 me
1020 895 1203 919 accusare
1231 882 1281 919 de
1301 880 1555 931 epistularum

226 947 472 996 neglegentia
493 947 643 996 possis:
673 955 714 984 tu
737 948 858 984 modo
886 946 1018 984 videto
1046 946 1085 983 in
1107 954 1216 984 tanto
1241 946 1322 984 otio
1352 954 1393 983 ut
1420 960 1488 995 par
1515 946 1554 983 in

225 1012 301 1049 hoc
327 1011 422 1049 mihi
447 1011 508 1049 sis.
572 1014 749 1049 Domum
782 1011 1036 1049 Rabirianam
1059 1011 1240 1060 Neapoli,
1264 1024 1382 1060 quarn
1411 1019 1451 1048 tu
1476 1010 1554 1048 iarn

224 1076 445 1115 dimensam
467 1085 504 1115 et
521 1077 817 1115 exaedificatam
838 1077 972 1115 animo
993 1077 1180 1123 habebas
1201 1078 1255 1113 M.
1277 1076 1440 1114 Fontius
1461 1076 1555 1114 emit

226 1143 296 1180 HS
327 1154 496 1180 ccclooo
516 1145 617 1180 m.
679 1143 726 1180 Id
749 1150 786 1180 te
807 1141 904 1180 scire
925 1141 1040 1187 volui,
1065 1141 1095 1179 si
1117 1141 1214 1190 quid
1235 1142 1332 1179 forte
1359 1155 1404 1179 ea
1425 1155 1484 1179 res
1504 1142 1555 1179 ad

181 1217 204 1243 2
225 1207 482 1256 cogitationes
507 1215 593 1245 tuas
620 1206 841 1256 pertineret.
902 1207 1075 1256 Quintus
1106 1208 1230 1253 frater,
1254 1215 1297 1244 ut
1327 1206 1423 1244 mihi
1452 1206 1556 1245 vide-

224 1279 294 1318 tur,
320 1285 399 1321 quo
420 1274 601 1310 volumus
622 1271 756 1310 animo
777 1280 834 1309 est
863 1271 901 1309 in
924 1271 1185 1321 Pomponiam
1209 1280 1246 1310 et
1272 1286 1360 1310 cum
1384 1285 1429 1310 ea
1449 1285 1556 1310 nunc

224 1336 264 1374 in
299 1337 554 1386 Arpinatibus
589 1336 757 1386 praediis
789 1345 869 1375 erat
904 1344 941 1374 et
976 1350 1110 1375 secum
1146 1337 1317 1375 habebat
1353 1337 1555 1375 hominem

223 1403 471 1453 χρηστομαθῆ
517 1404 564 1440 D.
606 1402 854 1440 Turranium.
914 1404 1029 1440 Pater
1073 1401 1188 1440 nobis
1230 1402 1399 1440 decessit
1442 1416 1475 1440 a.
1516 1403 1553 1440 d.

226 1479 267 1504 1v
299 1469 386 1505 Kal.
422 1469 516 1505 Dec.

281 1534 395 1571 Haec
425 1533 622 1570 habebam
653 1534 731 1570 fere
759 1545 860 1582 quae
890 1540 927 1571 te
953 1532 1050 1570 scire
1070 1533 1222 1571 vellem.
1283 1533 1345 1569 Tu
1372 1531 1501 1578 velim,
1524 1531 1555 1569 si

225 1611 302 1647 qua
334 1606 565 1635 ornamenta
599 1599 837 1649 γυμνασιώδη
869 1598 1036 1648 reperire
1067 1597 1212 1647 poteris
1243 1610 1343 1646 quae
1371 1596 1447 1634 loci
1479 1597 1556 1634 sint

224 1662 307 1700 eius
337 1676 455 1712 quern
489 1670 529 1700 tu
562 1677 642 1700 non
671 1663 835 1712 ignoras,
859 1677 908 1701 ne
939 1662 1234 1712 praetermittas.
1295 1663 1380 1699 Nos
1407 1663 1556 1699 Tuscu-

225 1728 316 1765 lano
337 1727 389 1765 ita
410 1729 652 1765 delectamur
673 1736 714 1765 ut
735 1728 935 1766 nobismet
958 1727 1050 1777 ipsis
1072 1736 1155 1765 tum
1177 1726 1350 1776 denique
1371 1740 1461 1764 cum
1488 1727 1556 1765 illo

225 1792 404 1830 venimus
426 1793 662 1841 placeamus.
725 1792 833 1841 Quid
854 1806 945 1843 agas
967 1792 1152 1831 omnibus
1180 1793 1230 1830 de
1257 1792 1373 1830 rebus
1394 1800 1432 1830 et
1459 1792 1554 1843 quid

224 1864 381 1895 acturus
403 1857 453 1895 sis
476 1858 534 1895 fac
556 1871 628 1895 nos
651 1871 769 1907 quarn
792 1857 1091 1907 diligentissime
1112 1857 1305 1895 certiores.

267 1965 358 2000 VII
560 1969 628 2001 Ser.
651 1970 779 2000 Romae
796 1975 869 2000 ante
885 1970 936 2002 Id.
952 1970 1040 2002 Febr.
1064 1972 1126 2009 687
1145 1971 1229 2011 (67).

646 2051 816 2082 CICERO
838 2052 1020 2083 ATTICO
1043 2051 1151 2083 SAL.

278 2130 399 2179 Apud
421 2137 584 2168 matrem
601 2138 706 2169 recte
723 2139 791 2177 est,
811 2144 936 2180 eaque
958 2131 1072 2169 nobis
1089 2144 1204 2168 curae
1225 2137 1292 2168 est.
1354 2132 1396 2168 L.
1413 2130 1554 2170 Cincio

227 2195 296 2232 HS
319 2197 433 2232 fiet>
454 2195 639 2233 constitui
670 2209 733 2233 me
764 2204 988 2234 curaturum
1013 2196 1151 2234 Idibus
1174 2196 1285 2233 Febr.
1344 2197 1407 2234 Tu
1437 2197 1553 2235 velim

273 2309 283 2328 1
312 2300 590 2338 conquiescemus
620 2300 697 2330 M¹z
730 2301 887 2331 ·escimus
914 2301 968 2330 M2‘
995 2301 1085 2340 vulg.
1269 2311 1288 2339 3
1315 2301 1372 2341 Et]
1401 2301 1448 2331 Ea
1474 2302 1550 2333 coni.

231 2341 418 2382 chsenberg
556 2354 593 2373 10
620 2344 652 2373 in
680 2344 742 2374 hoc
770 2348 815 2374 Σ;
848 2354 913 2374 om.
941 2349 969 2374 Δ
1116 2353 1154 2373 12
1180 2343 1224 2374 M.
1256 2344 1395 2374 Fontius
1421 2345 1480 2376 M:
1507 2345 1552 2375 M.

228 2385 391 2415 Fontinus
408 2386 459 2416 Z:
486 2386 540 2417 Μ’.
564 2387 725 2417 Fonteius
745 2386 885 2417 Vrsinus
1008 2397 1043 2426 17
1070 2387 1225 2418 discessit
1240 2386 1387 2427 Madwg,
1405 2387 1463 2418 sed
1482 2391 1553 2418 tum

226 2429 395 2468 legemlmn
412 2440 431 2459 a
449 2429 543 2459 nobis
561 2433 598 2459 ut
612 2431 659 2459 ait
676 2430 776 2460 Orelli

1579 962 1617 983 10

1579 1613 1616 1634 20
