1732 2661
170 173 200 209 Ι.
225 172 301 209 xvi
622 175 676 210 M.
709 173 877 210 TVLLI
910 172 1216 210 CICERONIS

256 283 439 320 Plautum
474 291 511 320 et
547 282 761 332 Spongiam
796 289 833 320 et
870 289 1018 320 ceteras
1056 282 1171 320 huius
1210 282 1319 321 modi
1354 281 1583 332 quisquilias

210 357 233 396 7
255 354 422 385 statuere
456 361 672 396 numquam
708 360 793 384 esse
828 348 985 384 sactum.
1046 348 1123 385 Sed
1159 355 1290 385 tamen
1323 355 1365 385 ut
1397 356 1434 385 te
1464 349 1514 385 de
1543 361 1583 385 re

253 412 412 460 publica
432 413 625 458 consoler,
648 425 727 449 non
756 411 820 458 ita,
842 418 884 448 ut
912 418 1114 460 sperarunt
1141 411 1232 449 mali
1260 419 1370 449 tanto
1396 411 1582 461 imposito

253 476 305 514 rei
333 476 514 526 publicae
536 477 704 521 vulnere,
728 475 865 513 alacris
894 477 1059 513 exsultat
1086 475 1316 524 improbitas
1344 475 1383 513 in
1407 476 1578 514 victoria.

253 542 357 578 Nam
379 542 494 589 plane
516 540 568 578 ita
595 548 840 589 putaverunt,
864 553 955 578 cum
980 539 1125 589 religio,
1148 553 1238 578 cum
1266 540 1468 590 pudicitia,
1489 554 1580 578 cum
1603 555 1618 585 5

252 605 486 643 iudiciorum
509 606 616 651 fides,
641 618 732 642 cum
754 612 913 642 senatus
933 604 1143 642 auctoritas
1165 604 1414 651 concidisset,
1437 606 1518 643 fore
1539 613 1581 642 ut

249 678 383 719 aperte
404 669 538 707 victrix
565 669 742 718 nequitia
767 682 813 706 ac
841 668 964 706 libido
993 682 1140 718 poenas
1167 670 1218 707 ab
1245 669 1397 718 optimo
1422 683 1581 719 quoque

250 742 397 784 peteret
437 733 496 771 sui
535 734 682 772 doloris
717 747 836 783 quem
876 733 1169 783 improbissimo
1208 734 1350 784 cuique
1390 734 1580 772 inusserat

204 805 227 841 8
249 799 432 836 severitas
463 800 691 837 consulatus
722 798 809 836 mei.
872 799 987 836 Idem
1018 812 1091 847 ego
1120 798 1184 836 ille
1215 799 1313 849 (non
1345 799 1450 836 enim
1483 799 1579 836 1111111

246 863 383 902 videor
410 863 623 902 insolenter
648 863 802 914 gloriari
830 877 921 901 cum
946 864 996 901 de
1024 877 1086 901 me
1113 865 1219 913 apud
1241 871 1278 901 te
1299 865 1448 913 loquor,
1472 863 1512 901 in
1533 878 1579 901 ea
1600 879 1637 900 10

245 928 472 978 praesertim
501 928 668 978 epistula
696 942 815 977 quam
843 930 936 966 nolo
963 928 1047 966 aliis
1075 928 1166 979 legi)
1189 929 1294 967 idem
1321 929 1483 978 inquam
1505 942 1577 978 ego

245 993 415 1031 recreavi
440 993 620 1031 adflictos
647 994 802 1031 animos
833 995 1029 1032 bonorum
1060 1008 1184 1031 unum
1211 1007 1410 1044 quemque
1440 995 1577 1032 confir-

246 1071 367 1105 mans,
392 1058 591 1106 excitans:
622 1059 862 1097 insectandis
882 1073 974 1097 vero
999 1058 1321 1109 exagitandisque
1348 1058 1577 1096 nummariis

244 1122 441 1161 iudicibus
463 1137 623 1162 omnem
649 1124 835 1162 omnibus
864 1121 1057 1162 studiosis
1078 1137 1124 1162 ac
1154 1124 1371 1162 fautoribus
1398 1124 1500 1161 illius
1524 1124 1576 1162 vi-

245 1188 389 1226 ctoriae
410 1191 622 1239 παρρησίαν
642 1189 779 1238 eripui,
804 1189 989 1227 Pisonem
1011 1190 1215 1227 consulem
1237 1190 1344 1226 nulla
1364 1189 1403 1226 in
1424 1203 1464 1227 re
1485 1202 1575 1226 con·
1599 1204 1632 1234 ¹5

243 1252 377 1291 sistere
399 1268 588 1303 umquam
610 1268 697 1292 sum
718 1268 868 1305 passus,
891 1256 1131 1304 desponsam
1153 1253 1305 1291 homini
1326 1253 1403 1292 iam
1424 1253 1573 1303 Syriam

240 1318 382 1365 ademi,
417 1327 596 1357 senatum
636 1320 687 1357 ad
726 1319 929 1369 pristinam
968 1332 1079 1356 suam
1113 1318 1359 1357 severitatem
1394 1319 1572 1357 revocavi

240 1390 358 1432 atque
379 1383 577 1422 abiectum
599 1384 775 1430 excitavi,
793 1383 981 1422 Clodium
1003 1391 1249 1432 praesentem
1266 1383 1359 1433 fregi
1376 1383 1415 1420 in
1433 1391 1570 1421 senatu

239 1460 330 1484 cum
348 1448 525 1487 oratione
546 1458 734 1499 perpetua
755 1449 984 1498 plenissima
999 1448 1196 1498 gravitatis
1213 1456 1296 1486 tum
1317 1448 1570 1486 altercatione

240 1512 356 1550 huius
380 1513 514 1559 modi;
543 1528 590 1552 ex
611 1527 688 1563 qua
710 1514 800 1551 licet
828 1527 954 1563 pauca
978 1515 1187 1563 degustes3
1216 1526 1308 1550 nam
1334 1521 1462 1551 cetera
1488 1527 1569 1551 non
1592 1531 1630 1551 20

238 1586 404 1626 possunt
434 1579 580 1616 habere
611 1580 780 1616 eandem
812 1593 942 1628 neque
971 1578 1050 1616 vim
1081 1591 1210 1627 neque
1240 1586 1484 1616 venustatem
1515 1592 1570 1616 re-

240 1650 350 1681 moto
381 1643 448 1681 illo
479 1644 611 1682 studio
646 1644 911 1682 contentionis
943 1657 1063 1693 quem
1099 1647 1222 1695 ἀγῶνα
1251 1657 1320 1681 vos
1351 1643 1565 1692 appellatis.

193 1711 220 1748 9
242 1707 344 1745 Nam
373 1715 414 1746 ut
437 1708 576 1746 Idibus
599 1708 716 1746 Maiis
744 1708 783 1746 in
811 1716 990 1747 senatum
1021 1707 1289 1753 convenimus,
1313 1715 1468 1757 rogatus
1495 1721 1568 1758 ego

238 1772 474 1810 sententiam
497 1775 618 1811 multa
639 1773 717 1811 dixi
739 1775 788 1812 de
809 1787 964 1811 summa
984 1787 1024 1811 re
1044 1773 1212 1823 publica,
1235 1780 1353 1822 atque
1374 1772 1437 1810 ille
1458 1773 1567 1810 locus

235 1836 420 1875 inductus
450 1851 473 1876 a
502 1852 565 1876 me
598 1845 655 1876 est
687 1838 885 1885 divinitus,
909 1852 958 1876 ne
991 1852 1069 1876 una
1100 1839 1214 1888 plaga
1246 1844 1409 1886 accepta
1438 1845 1566 1887 patres
1589 1852 1624 1883 25

233 1902 444 1951 conscripti
466 1902 734 1950 conciderent,
749 1917 798 1941 ne
815 1904 1054 1950 deficerent,
1083 1904 1224 1940 vulnus
1245 1916 1330 1940 esse
1351 1901 1434 1940 eius
1456 1902 1565 1940 modi

233 1968 341 2016 quod
363 1966 457 2004 mihi
480 1981 552 2005 nec
580 1967 911 2006 dissimulandum
937 1982 1011 2005 nec
1038 1967 1397 2018 pertimescendum
1418 1967 1565 2005 videre-

232 2039 301 2077 tur,
335 2045 384 2069 ne
417 2039 484 2069 aut
512 2031 729 2081 ignorando
761 2032 980 2070 stultissimi
1006 2039 1078 2069 aut
1104 2033 1297 2070 metuendo
1325 2033 1568 2081 {gnavl'ssimi

231 2095 515 2143 iudicaremur,
548 2096 606 2134 bis
636 2097 863 2135 absolutum
892 2110 976 2135 esse
1007 2098 1231 2143 Lentulum,
1255 2096 1314 2134 bis
1337 2096 1558 2143 Catilinam,

230 2161 336 2197 hunc
358 2160 513 2198 tertium
535 2161 612 2199 iam
635 2176 719 2199 esse
740 2176 762 2199 a
783 2162 980 2200 iudicibus
1008 2162 1047 2199 in
1077 2176 1159 2200 16111
1189 2161 1388 2211 publicam
1417 2161 1561 2200 immis-
1582 2175 1621 2204 30

229 2237 326 2262 sum.
387 2228 396 2244 ⁶
413 2227 537 2271 Erras,
563 2227 704 2273 Clodi,
735 2240 816 2264 non
841 2234 879 2264 te
907 2226 1056 2264 iudices
1082 2226 1167 2264 urbi
1189 2227 1258 2264 sed
1280 2225 1423 2263 carceri
1444 2239 1560 2264 reser-

273 2337 309 2365 13
334 2332 409 2357 ante
439 2331 589 2359 excitans
622 2330 696 2360 add,
725 2335 758 2360 et
785 2331 806 2360 I
924 2341 966 2360 20
990 2331 1064 2360 eius
1094 2330 1229 2360 EHOP
1351 2339 1387 2358 21
1414 2331 1557 2360 eandem

225 2369 374 2401 ENOP:
399 2383 464 2402 0111.
483 2372 576 2402 MHs
724 2375 766 2403 28
790 2379 846 2404 aut
871 2375 1054 2403 metuendo
1080 2374 1287 2412 ignavissimi
1308 2373 1423 2403 Lamb.
1444 2384 1460 2402 e
1476 2373 1556 2402 codi-

225 2413 311 2442 cibus
328 2413 543 2445 Memmiam's
561 2416 609 2445 m'l
624 2418 689 2446 nisi
701 2418 878 2446 comestura
896 2420 932 2446 ut
949 2417 1010 2448 vid.
1028 2429 1034 2447 :
1058 2428 1122 2447 om.
1142 2416 1225 2447 ΣΔΖ
