1773 2651
146 187 222 224 ΙΙΙ.
248 189 340 224 xxii
629 191 684 227 M.
719 191 887 228 TVLLI
921 192 1226 230 CICERONIS

316 345 450 381 XXII
495 348 565 381 Ser.
582 350 713 390 parlim
738 350 987 434 lecssalogu'gag’,
1002 351 1128 424 gardim
1147 351 1312 391 Dyrrachi
1325 352 1358 382 vi
1373 351 1415 383 K.
1436 352 1510 384 Dec.

824 405 857 424 α.
901 405 920 434 9
979 404 1000 433 5

684 481 861 512 CICERO
886 482 1058 513 ATTICO
1084 482 1180 514 SAL.

226 575 241 602 1
318 568 401 606 Etsi
424 568 630 618 diligenter
656 571 707 608 ad
729 584 792 607 me
818 570 992 618 Quintus
1020 572 1135 608 frater
1155 579 1192 609 et
1218 571 1309 609 Piso
1337 584 1438 621 quae
1465 579 1595 609 essent

261 641 349 671 acta
376 633 620 683 scripserant,
645 642 777 673 tamen
805 636 945 673 vellem
974 643 1040 672 tua
1068 643 1105 673 te
1132 636 1340 686 occupatio
1368 650 1448 674 non
1476 635 1595 686 impe-
1616 651 1632 682 5

261 698 382 736 disset
403 712 483 748 quo
506 699 646 746 minus,
671 708 713 737 ut
735 699 948 747 consuesti,
969 701 1019 738 ad
1042 714 1105 738 me
1126 700 1222 750 quid
1242 708 1419 750 ageretur
1440 708 1478 738 et
1499 701 1595 750 quid

261 763 503 814 intellegeres
535 765 804 814 perscriberes.
880 767 949 803 Me
983 766 1115 803 adhuc
1146 765 1328 803 Plancius
1364 765 1594 804 liberalitate

261 842 330 866 sua
360 828 499 866 retinet
530 829 607 866 iam
638 829 875 879 aliquotiens
899 837 1086 868 conatum
1114 829 1168 868 ire
1195 829 1233 867 in
1261 830 1435 879 Epirum.
1495 833 1593 881 Spes

261 893 411 931 homini
441 901 499 932 est
529 894 671 932 iniecta
706 908 786 933 non
821 896 962 933 eadem
997 908 1098 944 quae
1133 894 1228 932 mihi
1258 909 1373 944 posse
1405 909 1477 933 nos
1513 910 1592 933 una

260 959 476 1006 decedere3
507 972 626 1008 quam
657 973 739 997 rem
767 959 841 997 sibi
869 973 1014 1009 magno
1041 959 1181 997 honori
1208 968 1336 1010 sperat
1360 962 1452 999 fore.
1512 963 1590 999 Sed
1616 975 1651 997 10

262 1023 350 1070 iam,
378 1038 468 1061 cum
499 1026 711 1063 adventare
743 1024 886 1063 milites
914 1025 1108 1071 dicentur,
1128 1025 1353 1063 faciendum
1382 1026 1497 1064 nobis
1521 1027 1592 1064 erit

262 1096 304 1127 ut
332 1089 383 1127 ab
414 1103 461 1127 eo
492 1089 753 1128 discedamus.
815 1091 937 1139 Quod
967 1104 1058 1128 cum
1089 1090 1287 1136 faciemus,
1314 1092 1364 1128 ad
1395 1098 1432 1128 te
1463 1091 1593 1128 statim

218 1164 243 1191 2
263 1153 475 1201 mittemus,
497 1162 539 1192 ut
566 1155 665 1192 scias
693 1154 760 1192 ubi
788 1155 920 1193 simus.
982 1157 1173 1193 Lentulus
1201 1169 1272 1193 suo
1294 1155 1332 1192 in
1357 1169 1429 1193 nos
1450 1155 1591 1202 officio,

262 1220 370 1268 quod
392 1227 429 1257 et
450 1233 490 1257 re
511 1226 548 1258 et
569 1219 771 1269 promissis
799 1227 837 1257 et
864 1219 1000 1258 litteris
1028 1221 1210 1266 declarat,
1234 1233 1345 1269 spem
1371 1220 1485 1258 nobis
1512 1234 1592 1259 non

262 1286 408 1322 nullam
440 1285 566 1323 adfert
603 1284 767 1334 Pompei
799 1284 1036 1331 voluntati53
1076 1298 1193 1334 saepe
1225 1284 1330 1322 enim
1365 1292 1406 1322 tu
1440 1286 1491 1323 ad
1530 1299 1592 1323 me
1615 1299 1651 1331 15

260 1349 446 1399 scripsisti
477 1363 567 1388 eum
598 1358 725 1387 totum
756 1363 841 1388 esse
871 1349 910 1387 in
941 1349 1042 1387 illius
1072 1357 1277 1399 potestate.
1338 1351 1399 1388 De
1429 1351 1593 1388 Metello

260 1414 412 1464 scripsit
437 1415 487 1452 ad
516 1428 579 1452 me
609 1416 724 1452 frater
751 1422 943 1464 quantum
971 1422 1142 1463 speraret
1166 1416 1386 1464 profectum
1414 1428 1498 1452 esse
1525 1428 1594 1464 per

217 1490 240 1526 3
261 1488 308 1518 te.
371 1480 429 1517 Mi
451 1479 660 1529 Pomponi,
683 1493 815 1529 pugna
839 1487 881 1517 ut
902 1487 1034 1517 tecum
1059 1486 1097 1517 et
1123 1493 1214 1517 cum
1237 1479 1334 1517 meis
1362 1479 1457 1517 mihi
1478 1479 1592 1518 liceat

260 1545 387 1583 vivere
418 1553 455 1582 et
490 1545 615 1584 scribe
647 1546 697 1583 ad
733 1559 796 1583 me
830 1544 973 1583 omnia.
1048 1546 1208 1583 Premor
1239 1546 1358 1591 luctu,
1395 1544 1590 1582 desiderio

260 1624 350 1648 curn
390 1610 569 1648 omnium
601 1625 728 1649 rerum
769 1617 848 1648 lum
887 1624 1054 1648 ‘meorum
1087 1610 1155 1660 qui
1187 1610 1283 1648 mihi
1322 1624 1385 1648 me
1424 1610 1590 1648 cariores
1611 1625 1651 1646 20

261 1689 415 1725 semper
436 1676 600 1713 fuerunt.
663 1676 768 1714 Cura
789 1683 830 1713 ut
851 1677 990 1713 valeas.

215 1748 242 1784 4
318 1742 403 1789 Ego
425 1741 532 1789 quod
558 1754 626 1790 per
646 1740 891 1778 Thessaliam
914 1740 945 1778 si
966 1740 1060 1778 irem
1083 1740 1123 1778 in
1145 1740 1308 1790 Epirum
1336 1740 1473 1790 perdiu
1495 1740 1591 1777 nihil

260 1819 365 1844 eram
392 1805 596 1844 auditurus
624 1814 661 1844 et
689 1807 797 1856 quod
826 1806 902 1844 mei
928 1806 1126 1844 studiosos
1153 1807 1283 1844 habeo
1314 1805 1588 1855 Dyrrachinos,

259 1872 310 1908 ad
331 1883 398 1908 eos
420 1870 583 1919 perrexi,
599 1885 690 1909 cum
712 1871 777 1908 illa
797 1871 996 1920 superiora
1012 1870 1319 1908 Thessalonicae
1335 1869 1586 1919 scripsissem.

261 1937 360 1974 Inde
391 1949 482 1973 cum
513 1937 563 1974 ad
595 1945 632 1974 te
663 1950 726 1974 me
756 1944 994 1982 convertam,
1020 1935 1160 1973 faciam
1190 1943 1232 1973 ut
1257 1935 1367 1981 scias,
1391 1943 1512 1985 tuque
1538 1937 1589 1974 ad
1612 1950 1647 1982 ²5

260 2015 322 2039 me
365 2000 481 2039 velim
528 2001 662 2039 omnia
706 2015 825 2051 quam
871 2000 1168 2050 diligentissime
1216 1999 1455 2038 cuicuimodi
1499 2009 1589 2038 sunt

258 2066 414 2104 scribas.
477 2068 560 2115 Ego
592 2066 667 2103 iam
695 2074 762 2103 aut
790 2079 871 2103 rem
896 2073 963 2103 aut
990 2079 1039 2103 ne
1066 2078 1176 2114 spem
1202 2064 1363 2114 quidem
1391 2073 1584 2114 exspecto.

262 2133 365 2169 Data
385 2144 423 2168 vl
450 2133 536 2168 Kal.
563 2132 771 2169 Decembr.
798 2130 998 2180 Dyrrachi.

307 2245 342 2273 ῖς,
368 2235 474 2264 adfert
502 2233 542 2263 Α]
565 2235 726 2274 (ιιιτιιζςὴτ
761 2236 880 2264 asserit
909 2235 950 2264 M
1085 2245 1120 2273 17
1147 2240 1298 2273 speraret
1325 2233 1382 2263 M:
1418 2238 1587 2273 sperasset

264 2277 472 2317 Ill-scnln‘rg:
507 2279 650 2316 sperarit
677 2277 809 2307 Ena-sti
933 2278 1120 2316 profectum
1147 2277 1227 2308 Ml:
1266 2277 1450 2315 perfectum
1484 2278 1582 2308 Rom.

267 2333 301 2359 ¹9
326 2332 400 2351 cum
419 2321 509 2351 luctu
529 2327 596 2351 tum
615 2322 784 2351 desiderio
802 2319 869 2351 ΖΜ
955 2332 1029 2351 cum
1049 2322 1197 2351 omnium
1216 2331 1328 2350 rerum
1346 2326 1415 2350 tum
1434 2331 1586 2351 meorum

258 2366 334 2395 coni.
354 2365 468 2394 Baiter
480 2376 517 2393 ex
534 2365 631 2394 Rom.
648 2365 722 2403 (sed
736 2365 764 2394 is
783 2375 897 2394 corum
916 2370 978 2404 pro
1001 2370 1165 2394 meoruml
1187 2377 1193 2394 :
1218 2374 1291 2394 cum
1309 2364 1456 2393 omnium
1476 2374 1585 2394 rerum

259 2407 300 2436 M
327 2408 384 2437 sed
397 2408 480 2437 linea
498 2408 557 2437 sub
575 2419 646 2437 cum
662 2407 831 2438 subducta*
851 2419 858 2437 t
881 2408 1027 2437 omnium
1047 2418 1195 2437 meorum
1214 2407 1422 2447 Sitirenlnng
