1773 2651
611 170 723 206 EPP.
756 170 834 206 AD
866 170 1128 208 ATTICVM
1446 172 1540 209 VII.
1559 171 1603 208 iii

189 277 221 317 si
241 281 362 319 modo
382 293 451 330 per
470 294 552 319 rem
573 281 773 330 publicam
793 281 935 328 licebit,
955 296 1035 320 non
1051 283 1325 322 accusabimur
1341 285 1516 334 posthac,

189 357 319 394 neque
339 345 498 384 hercule
517 354 635 384 antea
653 348 904 397 neglegentes
929 347 1074 385 fuimus
1095 349 1165 386 sed
1185 348 1402 386 amicorum
1424 350 1520 387 mul-

188 409 358 449 titudine
385 410 578 461 occupati.
639 412 744 461 Ergo
773 419 938 459 utemur,
961 420 1003 450 ut
1032 412 1236 462 polliceris,
1266 420 1305 451 et
1334 427 1453 462 opera
1481 420 1520 451 et

188 475 353 513 consilio
383 484 453 514 tuo
482 490 556 514 nec
584 476 656 514 tibi
685 476 840 524 erimus,
864 485 906 515 ut
936 490 1060 527 spero,
1090 477 1129 515 in
1157 491 1205 515 eo
1233 478 1397 516 molesti.
1458 479 1521 516 De
1541 478 1565 516 8

149 554 167 587 5
188 540 432 590 serperastris
452 541 627 580 cohortis
647 555 759 580 meae
779 541 876 579 nihil
897 549 954 580 est
975 543 1084 591 quod
1105 543 1250 580 doleas.
1313 542 1393 593 Ipsi
1414 542 1520 581 enim

190 618 232 643 se
253 607 507 656 conlegerunt
526 606 787 644 admiratione
809 606 1038 657 integritatis
1067 621 1188 645 meae.
1248 608 1326 645 Sed
1352 621 1414 645 me
1441 620 1522 646 mo·

187 677 293 708 verat
314 683 432 708 nemo
453 670 575 720 magis
596 684 715 720 quam
737 670 768 709 is
789 685 906 721 quem
933 680 974 709 tu
999 672 1199 710 neminem
1220 680 1344 722 putas.
1406 674 1520 711 Idem

186 743 225 773 et
245 734 358 773 initio
379 736 503 773 fuerat
523 744 561 774 et
582 749 688 774 nunc
708 744 767 774 est
787 737 974 786 egregius.
1034 739 1111 775 Sed
1132 737 1172 775 in
1193 738 1277 788 ipsa
1289 738 1521 777 decessione

187 799 418 850 significavit
439 814 614 850 sperasse
630 815 671 840 se
691 801 840 852 aliquid
861 810 898 840 et
920 802 959 840 id
981 803 1089 852 quod
1109 803 1286 841 animum
1316 802 1521 842 induxerat

131 877 170 900 10
188 865 384 916 paulisper
410 879 491 903 non
519 866 643 904 tenuit
664 868 733 904 sed
761 866 839 905 cito
865 868 915 905 ad
944 881 984 905 se
1006 867 1119 905 rediit
1140 867 1317 917 meisque
1338 867 1521 906 honorifi-

187 930 422 969 centissimis
444 945 533 982 erga
549 945 589 970 se
606 931 743 970 officiis
759 932 884 970 victus
906 932 1026 983 pluris
1043 946 1087 971 ea
1102 932 1212 971 duxit
1225 946 1343 983 quam
1358 947 1519 972 omnem

187 995 406 1046 pecuniam.

241 1062 326 1111 Ego
346 1075 369 1099 a
391 1061 511 1101 Curio
532 1062 685 1100 tabulas
706 1063 840 1113 accepi
863 1077 960 1113 quas
982 1077 1137 1101 mecum
1159 1071 1284 1113 porto.
1327 1064 1518 1102 Hortensi
1539 1070 1567 1108 9

187 1127 312 1176 legata
332 1126 510 1176 cognovi.
572 1130 690 1167 Nunc
711 1141 809 1167 aveo
823 1128 921 1166 scire
938 1128 1032 1178 quid
1051 1128 1223 1167 hominis
1238 1129 1285 1166 sit
1302 1137 1339 1167 et
1353 1143 1518 1179 quarum

129 1202 166 1234 15
187 1204 314 1228 rerum
340 1191 566 1230 auctionem
593 1191 780 1230 instituat.
841 1193 988 1231 Nescio
1013 1192 1117 1231 enim
1146 1207 1223 1240 cur,
1247 1207 1337 1231 cum
1365 1201 1517 1243 portam

187 1257 488 1294 Flumentanam
523 1256 681 1296 Caelius
713 1257 925 1308 occuparit,
963 1271 1035 1308 ego
1071 1259 1256 1296 Puteolos
1289 1271 1369 1296 non
1409 1271 1517 1296 meos

184 1320 334 1358 faciam.

238 1385 368 1424 Venio
401 1387 452 1425 ad
490 1385 694 1434 ‘Piraeea,’
721 1386 760 1425 in
790 1400 870 1437 quo
895 1388 1017 1438 magis
1052 1389 1400 1438 reprehendendus
1430 1402 1516 1427 sum
1537 1396 1582 1424 10

185 1452 293 1500 quod
324 1452 445 1489 homo
474 1453 680 1490 Romanus
705 1453 909 1491 ‘Piraeea'
930 1453 1161 1504 scripserim,
1184 1468 1265 1492 non
1289 1458 1297 1474 ‘
1315 1454 1517 1493 Piraeum’

127 1534 166 1556 20
187 1516 259 1566 (sic
289 1516 394 1554 enim
425 1530 562 1555 omnes
584 1517 705 1556 nostri
733 1518 853 1556 locuti
881 1518 1001 1570 sunt),
1024 1533 1143 1569 quam
1166 1521 1274 1569 quod
1294 1519 1515 1558 addiderim

187 1584 195 1599 C
219 1582 225 1587 ⁴
266 1583 273 1598 >

208 1595 258 1618 m.
331 1583 424 1620 Non
445 1582 549 1620 enim
572 1583 647 1620 hoc
675 1591 716 1620 ut
746 1583 895 1633 oppido
920 1584 1127 1634 praeposui
1154 1585 1224 1622 sed
1245 1592 1286 1622 ut
1307 1586 1405 1622 loco.
1467 1587 1517 1623 Et

186 1653 318 1684 tamen
351 1646 566 1696 Dionysius
596 1656 729 1686 noster
757 1656 796 1686 et
825 1648 893 1698 qui
923 1656 981 1686 est
1011 1649 1220 1687 nobiscum
1251 1648 1386 1687 Nicias
1408 1650 1516 1688 Cous

185 1724 266 1748 non
306 1711 461 1749 rebatur
500 1711 691 1761 oppidum
732 1726 816 1751 esse
853 1712 1022 1752 Piraeea.
1083 1715 1161 1752 Sed
1200 1714 1250 1752 de
1289 1727 1328 1751 re
1367 1713 1512 1752 videro.

186 1776 375 1814 Nostrum
397 1776 558 1826 quidem
580 1777 610 1815 si
632 1786 689 1815 est
710 1785 928 1827 peccatum,
952 1778 992 1816 in
1016 1792 1064 1817 eo
1093 1786 1151 1816 est
1171 1779 1280 1828 quod
1301 1792 1382 1816 non
1403 1786 1445 1817 ut
1465 1780 1515 1817 de

128 1850 165 1882 25
186 1840 335 1890 oppido
365 1843 518 1880 locutus
549 1855 635 1879 sum
666 1844 735 1881 sed
766 1851 807 1880 ut
837 1844 887 1882 de
916 1845 1005 1882 loco
1044 1851 1280 1893 secutusque
1312 1857 1399 1881 sum
1434 1857 1514 1883 non

184 1905 275 1943 dico
297 1906 524 1953 Caecilium,

455 1971 600 2010 ‘Mane
629 1980 671 2010 ut
701 1986 747 2011 ex
776 1980 890 2023 portu
920 1974 960 2011 in
991 1973 1195 2011 Piraeum'

185 2033 327 2084 (malus
362 2035 467 2073 enim
501 2044 638 2074 auctor
671 2036 890 2075 Latinitatis
920 2037 1005 2089 est),
1037 2039 1106 2076 sed
1139 2037 1368 2077 Terentium
1403 2039 1514 2077 cuius

227 2148 246 2177 5
270 2139 482 2178 serpirastris
510 2138 629 2169 OPMs
717 2145 768 2170 est
793 2139 869 2170 M2:
895 2152 957 2171 omi
976 2141 1062 2172 codd.
1228 2153 1244 2181 7
1271 2143 1439 2174 neminem
1464 2144 1513 2173 A-

183 2183 325 2212 scensius
341 2182 404 2222 (cd.
425 2193 458 2221 2,
477 2194 482 2212 :
509 2193 608 2213 nemo
631 2183 719 2214 codd.
827 2194 869 2215 20
891 2184 1007 2224 quam]
1025 2195 1099 2215 cum
1117 2184 1193 2215 NO¹
1212 2197 1217 2214 z
1244 2187 1294 2216 cui
1318 2185 1369 2215 Μι
1475 2198 1512 2217 21

188 2225 262 2255 ‘in'
286 2225 338 2255 N:
375 2236 440 2256 om.
475 2225 589 2257 codd.:
629 2230 704 2267 post
732 2237 831 2266 quam
860 2228 935 2258 add.
963 2228 1118 2258 Bticlzeler
1358 2229 1416 2270 Et]
1443 2230 1514 2261 Etsi

183 2268 261 2299 com'.
284 2268 405 2298 Miiller
678 2279 719 2307 23
746 2270 828 2309 non]
856 2281 945 2309 noen
972 2271 1044 2300 M¹s
1071 2273 1105 2312 (e
1126 2276 1246 2311 puncto
1269 2272 1408 2304 deletmn
1433 2281 1515 2311 θεῆς

186 2322 298 2341 noenu
320 2311 373 2340 ,Μ3
399 2313 466 2349 ζιζικ
491 2312 616 2342 Niccolo
638 2312 789 2350 Nice-olii,
814 2313 850 2351 cf
873 2314 910 2343 O.
919 2313 958 2343 E.
977 2313 1128 2344 Schmidt
1151 2315 1231 2345 *Die
1249 2316 1516 2357 lmndsclnisllclte

188 2354 462 2394 Ueberliefi‘rlmg'
482 2361 516 2394 p.
538 2356 588 2389 68,
617 2355 707 2385 Neue
733 2356 996 2386 ‘Formenlehre’
1022 2358 1068 2388 ii3.
1095 2360 1155 2396 581
1306 2371 1342 2391 re
1367 2373 1456 2401 q.v.c.
1484 2363 1512 2391 L

185 2398 323 2438 (marg.)
341 2409 366 2430 s.
387 2399 420 2428 in
442 2397 482 2427 M
502 2405 602 2439 supra
627 2399 682 2430 lin.
702 2411 708 2429 :
740 2409 798 2429 reo
815 2399 965 2430 ΝΟΡΜ1
983 2412 990 2431 z
1023 2412 1062 2432 eo
1079 2401 1133 2431 M*
1153 2401 1363 2445 Wesenbetg:
1394 2416 1458 2436 eoo
1474 2407 1514 2437 J:

186 2452 220 2472 re
238 2451 301 2480 ego
319 2441 396 2471 coni.
417 2441 502 2472 Reid
632 2453 672 2481 25
698 2453 765 2473 non
785 2443 860 2474 dico
875 2454 941 2474 om.
958 2444 997 2474 M
1004 2444 1013 2461 ¹

1368 2502 1427 2532 14*
