1773 2651
226 181 295 217 VI.
328 180 374 215 ix
703 180 814 216 EPP.
847 179 925 216 AD
956 178 1214 216 ATTICVM

250 301 274 326 2

250 754 273 791 3

248 1476 274 1512 4

250 1604 273 1642 5

348 293 383 328 A
414 290 606 330 Turranio
636 298 673 328 te
702 289 902 340 accepisse
924 303 1030 328 meas
1050 288 1196 327 litteras
1217 289 1382 338 gaudeo.
1443 289 1622 338 Παραφύ-

292 358 417 403 λαξον,
451 356 482 394 Si
515 370 577 394 me
608 370 727 402 amas,
768 357 834 404 τὴν
871 359 935 394 τοῦ
973 358 1139 404 φυρατοῧ
1178 355 1396 404 φιλοτιμίαν
1428 356 1621 393 αὖτότατα.

296 423 424 468 Hanc,
449 435 549 471 quae
577 435 640 459 me
661 422 819 459 hercule
848 420 943 458 mihi
965 434 1109 470 magno
1130 420 1256 458 dolori
1281 427 1339 458 est
1361 419 1494 470 (dilexi
1515 419 1621 458 enim

293 486 523 537 hominem),
547 499 722 536 procura,
747 487 1110 535 quantulacumque
1131 493 1202 533 est,
1224 484 1452 523 Precianam
1473 484 1622 523 heredi-

292 560 412 590 tatem
443 565 600 602 prorsus
630 553 693 590 ille
724 565 773 590 ne
802 551 978 601 attingat.
1039 551 1158 589 Dices
1189 564 1374 589 nummos
1405 550 1501 588 mihi
1521 563 1621 600 opus
1641 566 1658 596 5

293 630 378 655 esse
399 618 449 654 ad
470 624 700 666 apparatum
723 615 923 666 triumphi.
984 617 1031 653 In
1052 628 1143 665 quo,
1167 624 1209 653 ut
1238 615 1440 665 praecipiS‚
1465 628 1537 653 nec
1559 629 1621 653 me

294 683 396 720 κενὸν
416 681 455 718 in
477 682 699 731 expetendo
720 694 935 730 cognosces
957 694 1030 718 nec
1052 682 1193 729 ἄτυφον
1213 680 1252 717 in
1273 680 1493 718 abiciendo.

349 745 528 784 Intellexi
549 760 595 784 ex
617 746 691 784 tuis
709 745 844 784 litteris
872 753 909 784 te
935 759 981 784 ex
1008 745 1201 783 Turranio
1231 745 1388 783 audisse
1409 759 1431 783 a
1454 758 1516 783 me
1537 758 1622 795 pro-

292 812 461 850 vinciam
483 811 586 849 fratri
607 811 800 850 traditam.
858 812 1003 850 Adeon
1030 824 1103 861 ego
1130 824 1210 849 non
1241 824 1512 860 perspexeram
1536 823 1622 860 pru-

293 876 467 915 dentiam
495 876 709 915 litterarum
738 879 922 915 tuarum?
977 878 1147 927 Ἐπέχειν
1176 884 1214 914 te
1244 875 1451 913 scribebas.
1512 875 1621 924 Quid
1644 889 1682 912 10

293 950 373 981 erat
407 942 655 980 dubitatione
689 942 867 991 dignum,
902 942 933 980 si
968 950 1070 980 esset
1103 942 1316 992 quicquam
1351 955 1419 979 cur
1452 943 1621 991 placeret

294 1009 447 1045 fratrem
469 1015 507 1045 et
528 1009 644 1045 talem
666 1009 821 1046 fratrem
844 1007 1042 1057 relinqui?
1098 1007 1295 1056 Ἀθὲτησις
1321 1005 1393 1044 ista
1421 1006 1515 1043 mihi
1543 1013 1620 1052 tua,

293 1086 372 1110 non
401 1074 519 1124 ἐποχὴ
540 1072 758 1111 videbatur.
818 1073 1013 1111 Monebas
1043 1074 1094 1111 de
1125 1074 1172 1122 Q.
1207 1072 1399 1111 Cicerone
1429 1085 1551 1121 puero
1580 1078 1622 1108 ut

294 1152 383 1176 eum
406 1138 567 1188 quidem
598 1138 827 1188 neutiquam
854 1138 1125 1188 relinquerem.
1188 1139 1334 1188 Τοῦμὸν
1363 1138 1501 1187 ὄνειρον
1529 1138 1620 1187 ἐμοί.

295 1205 447 1242 Eadem
477 1203 611 1242 omnia
631 1203 742 1253 quasi
770 1203 969 1242 conlocuti
1000 1217 1175 1242 essemus
1196 1203 1376 1242 vidimus.
1437 1204 1531 1241 Non
1550 1202 1623 1240 fuit
1645 1215 1681 1247 15
1714 1254 1717 1256 Ι

292 1268 516 1307 faciendum
530 1268 640 1306 aliter
661 1282 803 1318 meque
825 1269 1013 1320 ἐπιχρονία
1040 1270 1158 1320 ἐποχὴ
1185 1277 1251 1306 tua
1271 1267 1518 1307 dubitatione
1532 1267 1623 1306 libe-

293 1333 398 1371 ravit.
459 1334 537 1372 Sed
564 1341 660 1383 puto
688 1341 726 1371 te
754 1333 954 1384 accepisse
975 1335 1025 1373 de
1046 1335 1119 1372 hac
1140 1348 1180 1372 re
1210 1333 1417 1384 epistulam
1439 1332 1621 1383 scriptam

291 1399 518 1437 accuratius.

350 1466 435 1513 Ego
456 1463 678 1502 tabellarios
700 1471 857 1514 postero
883 1464 948 1503 die
979 1466 1030 1503 ad
1050 1478 1120 1503 vos
1147 1478 1252 1503 eram
1281 1463 1494 1511 missuru53
1523 1477 1622 1513 quos

293 1537 389 1579 puto
410 1537 501 1567 ante
522 1537 706 1567 venturos
727 1543 846 1579 quam
869 1538 1046 1568 nostrum
1069 1530 1280 1568 Saufeium.
1332 1530 1409 1567 Sed
1431 1542 1521 1567 eum
1538 1529 1621 1567 sine
1643 1542 1683 1563 20

293 1594 389 1631 meis
411 1594 545 1632 litteris
566 1595 617 1632 ad
639 1602 675 1632 te
696 1594 827 1633 venire
848 1595 911 1632 vix
932 1602 1080 1633 rectum
1099 1603 1189 1633 erat.
1249 1596 1312 1632 Tu
1331 1593 1439 1639 mibi,
1456 1601 1497 1631 ut
1514 1593 1622 1643 polli—

293 1659 403 1705 ceris,
423 1660 474 1697 de
495 1659 666 1697 Tulliola
687 1673 784 1706 mea,
808 1660 847 1698 id
869 1668 925 1698 est
947 1662 997 1698 de
1021 1660 1238 1705 Dolabella,
1262 1659 1488 1709 perscribes,
1512 1660 1561 1696 de
1582 1672 1621 1696 re

292 1724 451 1773 publica
471 1737 590 1773 quam
616 1725 826 1773 praevideo
848 1725 886 1762 in
909 1725 1072 1763 summis
1093 1725 1287 1775 periculis,
1309 1725 1358 1762 de
1379 1723 1619 1771 censoribus,

293 1788 540 1838 maximeque
561 1790 611 1827 de
633 1789 763 1839 signis,
787 1789 930 1827 tabulis
951 1789 1046 1839 quid
1074 1791 1151 1836 fiat,
1174 1790 1421 1827 referaturne.
1482 1788 1620 1827 Idibus

293 1854 534 1892 Octobribus
567 1855 636 1892 has
669 1854 762 1893 dedi
797 1855 952 1902 litteras,
990 1868 1069 1905 quo
1104 1854 1178 1901 die,
1216 1862 1257 1892 ut
1291 1853 1438 1900 scribis,
1475 1854 1619 1892 Caesar
1641 1869 1678 1900 25

295 1919 532 1957 Placentiam
555 1920 728 1969 legiones
748 1932 821 1958 1111.
883 1922 1054 1969 Quaeso,
1078 1920 1173 1969 quid
1201 1919 1314 1956 nobis
1336 1920 1509 1957 futurum
1531 1921 1621 1957 est?

295 1985 339 2021 In
361 1997 449 2022 arce
470 1985 637 2023 Athenis
660 1985 775 2023 statio
797 1998 882 2023 mea
905 1999 1009 2023 nunc
1030 1986 1168 2034 placet.

335 2099 353 2118 2
378 2087 554 2119 αὐτότατος
578 2088 708 2127 Kayser
838 2100 858 2127 4
884 2087 1097 2128 Precianam]
1117 2088 1152 2125 cs}
1172 2087 1206 2118 C.
1221 2087 1249 2117 J.
1268 2087 1305 2118 L.
1325 2098 1354 2117 x.
1374 2088 1460 2127 5678
