1773 2651
639 189 750 225 EPP.
783 189 861 225 AI)
891 187 1153 225 ATTICVM
1427 187 1543 224 VIII.
1569 187 1629 223 xii

203 299 392 347 consilia;
422 299 564 349 quibus
592 299 623 337 si
653 298 881 348 paruissem,
903 298 1095 335 tristitiam
1125 298 1279 335 illorum
1311 306 1533 347 temporum

203 380 283 404 non
311 365 514 404 subissem.
576 364 742 403 Memini
767 364 863 414 quid
890 364 986 401 mihi
1015 371 1099 401 tum
1129 363 1293 401 suaseris
1320 377 1387 412 per
1408 365 1536 401 Theo-

203 432 388 480 phanem,
427 444 495 480 per
534 432 781 477 Culleonem,
820 430 940 479 idque
979 442 1096 478 saepe
1141 428 1402 478 ingemiscens
1448 442 1534 466 sum

203 497 438 534 recordatus.
499 497 589 544 Qua
621 509 660 533 re
691 508 797 532 nunc
829 496 966 532 saltem
1000 495 1052 532 ad
1084 493 1170 531 illos
1205 495 1376 531 calculos
1415 507 1537 531 rever-

167 575 182 605 5
203 568 330 597 tamur
350 573 449 610 quos
471 567 554 597 tum
581 559 809 606 abiecimus,
832 567 874 596 ut
901 572 982 596 non
1009 560 1138 596 solum
1164 558 1342 608 gloriosis
1364 558 1535 595 consiliis

203 633 358 663 utamur
378 626 446 663 sed
468 625 585 663 etiam
606 626 724 674 paulo
744 624 1034 662 salubrioribus.
1077 624 1155 661 Sed
1171 623 1268 660 nihil
1288 623 1511 672 praescribo
1530 637 1536 663 ;

202 698 382 728 accurate
413 690 529 728 velim
564 689 780 740 perscribas
810 697 917 727 tuam
951 690 1003 727 ad
1032 703 1096 727 me
1126 688 1372 727 sententiam.
1432 690 1535 725 Volo
1556 692 1583 729 6

203 755 321 792 etiam
349 754 526 804 exquiras
557 768 674 804 quam
703 754 1000 804 diligentissime
1028 753 1173 804 poteris
1195 753 1377 803 (habebis
1404 761 1535 790 autem

203 833 271 869 per
298 833 396 869 quos
422 819 564 869 possis)
587 819 682 869 quid
709 821 898 858 Lentulus
926 828 1070 865 noster,
1092 819 1187 868 quid
1217 818 1416 856 Domitius
1436 825 1535 867 agat,

147 899 184 921 10
204 885 300 934 quid
333 893 489 922 acturus
521 885 582 932 sit,
615 898 733 934 quem
767 885 817 922 ad
850 885 1013 922 modum
1046 898 1152 922 nunc
1187 897 1227 922 se
1261 891 1406 934 gerant,
1442 896 1538 920 num

204 964 322 999 quem
338 958 536 997 accusent,
552 964 647 988 num
665 949 758 999 quoi
775 949 1181 999 suscenseant—quid
1198 949 1288 987 dico
1305 963 1399 986 num
1417 948 1540 998 quoi?

204 1029 299 1053 num
340 1015 542 1065 Pompeio.
620 1015 796 1054 Omnino
839 1016 995 1064 culpam
1035 1028 1195 1053 omnem
1241 1014 1454 1064 Pompeius
1500 1013 1538 1050 in

208 1080 427 1118 Domitium
479 1082 640 1127 confert,
683 1082 791 1130 quod
836 1080 956 1130 ipsius
1002 1080 1136 1118 litteris
1181 1079 1367 1129 cognosci
1409 1086 1538 1129 potest

206 1159 370 1194 quarum
410 1147 633 1195 exemplum
671 1146 722 1182 ad
762 1153 799 1183 te
831 1144 928 1182 misi.
991 1147 1104 1183 Haec
1143 1144 1258 1194 igitur
1295 1144 1446 1182 videbis
1486 1152 1534 1191 et,

148 1224 185 1254 15
205 1211 313 1259 quod
347 1211 397 1247 ad
429 1217 466 1247 te
499 1218 590 1247 ante
622 1209 767 1259 scripsi,
802 1209 978 1247 Demetri
1015 1209 1211 1258 Magnetis
1241 1209 1382 1248 librum
1418 1222 1536 1259 quem

205 1276 254 1313 ad
286 1282 323 1313 te
353 1275 456 1313 misit
486 1276 536 1313 de
565 1274 776 1313 concordia
806 1274 922 1312 veliin
952 1274 1048 1312 mihi
1078 1274 1219 1312 mittas.

846 1441 894 1478 A.

445 1545 513 1576 Ser.
534 1543 686 1575 Luceriae
701 1544 834 1575 xiiiaut
848 1544 896 1574 xii
909 1544 952 1575 K.
975 1543 1074 1576 Mart.
1095 1555 1125 1576 a.
1148 1554 1203 1584 705
1221 1544 1309 1585 (49).

372 1641 443 1672 CN.
474 1640 665 1671 MAGNVS
692 1640 889 1671 PROCOS.
916 1640 950 1671 S.
979 1640 1018 1670 D.
1047 1640 1083 1671 C.
1110 1638 1370 1670 MARCELLO

148 1708 187 1729 20
660 1696 694 1725 L.
723 1695 938 1725 LENTVLO
963 1695 1090 1726 COSS.

262 1777 346 1826 Ego
376 1776 484 1825 quod
514 1774 785 1812 existimabam
807 1773 1003 1822 dispersos
1030 1786 1102 1810 nos
1127 1786 1256 1822 neque
1283 1773 1336 1811 rei
1357 1773 1538 1823 publicae

205 1840 309 1878 utilis
339 1854 468 1891 neque
498 1840 613 1878 nobis
643 1838 837 1889 praesidio
867 1852 952 1876 esse
981 1852 1107 1888 posse,
1131 1838 1279 1877 idcirco
1307 1840 1357 1877 ad
1389 1841 1431 1876 L.
1461 1841 1538 1876 Do-

206 1905 359 1943 mitium
389 1906 534 1943 litteras
565 1904 665 1952 misi,
686 1904 855 1954 primum
886 1903 942 1941 uti
972 1903 1055 1953 ipse
1085 1917 1175 1941 cum
1205 1903 1314 1941 omni
1343 1903 1457 1953 copia
1487 1905 1538 1941 ad

206 1984 278 2009 nos
312 1971 483 2019 veniret,
525 1971 555 2009 si
595 1973 644 2009 de
677 1984 717 2009 se
755 1969 965 2017 dubitaret,
996 1978 1039 2007 ut
1070 1968 1242 2007 cohortis
1276 1981 1397 2006 XVIIII
1438 1982 1539 2018 quae

148 2051 184 2081 25
206 2049 253 2073 ex
287 2036 434 2075 Piceno
465 2038 515 2074 ad
551 2050 614 2074 me
653 2036 723 2074 iter
754 2037 955 2074 habebant
985 2036 1036 2074 ad
1070 2048 1142 2073 nos
1176 2034 1356 2073 mitteret.
1418 2035 1538 2083 Quod

205 2101 348 2139 veritus
379 2115 465 2139 sum
495 2103 641 2139 factum
671 2108 729 2139 est
759 2108 800 2139 ut
830 2100 1028 2139 Domitius
1055 2100 1319 2150 implicaretur
1346 2108 1383 2137 et
1410 2113 1539 2149 neque

205 2165 288 2215 ipse
308 2166 399 2204 satis
421 2168 554 2204 firmus
581 2174 682 2204 esset
708 2167 758 2204 ad
786 2174 910 2204 castra
936 2166 1127 2213 facienda,
1151 2167 1259 2215 quod
1287 2179 1393 2203 meas
1414 2177 1536 2202 XVIIII

205 2238 242 2268 et
281 2244 369 2269 suas
408 2243 467 2268 XII
504 2232 674 2269 cohortis
706 2231 828 2269 tribus
860 2231 899 2268 in
931 2230 1087 2281 oppidis
1119 2231 1344 2269 distributas
1376 2231 1537 2269 haberet

207 2295 315 2345 (nam
345 2296 486 2345 partim
512 2297 649 2343 Albae,
673 2296 811 2345 partim
842 2297 1032 2334 Sulmone
1061 2296 1298 2337 conlocavit)
1329 2309 1458 2346 neque
1486 2309 1533 2343 se,

150 2373 188 2402 30
208 2360 238 2398 si
269 2361 393 2406 vellet,
427 2361 609 2410 expedire
638 2368 780 2410 posset.

318 2465 360 2494 26
385 2470 417 2495 et
435 2463 594 2505 Madvig:
621 2471 657 2495 ut
676 2465 725 2494 M¹
746 2478 752 2496 τ
777 2465 835 2496 del.
855 2465 908 2495 M2
1048 2476 1089 2504 29
1114 2476 1150 2496 se
1168 2465 1242 2496 add.
1261 2464 1290 2494 L
1310 2466 1448 2507 (marg.)
