1773 2651
103 882 141 904 10

99 1616 137 1637 20

578 177 689 215 EPP.
722 178 800 214 AD
830 178 1089 217 ATTICVM
1434 180 1502 217 VI.
1526 181 1570 216 vi

163 285 322 324 Coelius
344 299 423 324 non
445 285 536 325 dico
552 286 737 336 equidem
761 291 769 306 ‘
783 289 890 337 quod
912 288 1109 338 egerit—,'
1131 290 1199 328 sed
1218 296 1347 327 tamen
1366 291 1491 328 multo

162 350 290 388 minus
320 352 466 390 laboro.
526 353 643 390 Adde
673 352 780 391 illud.
842 353 1066 402 Pompeius,
1097 368 1144 391 eo
1179 355 1318 393 robore
1348 354 1413 400 vir,
1446 355 1490 392 iis

160 415 368 462 radicibus,
393 418 441 464 Q.
467 416 646 455 Cassium
669 416 752 455 sine
774 425 876 455 sorte
901 418 1056 467 delegit,
1080 420 1224 457 Caesar
1245 419 1490 467 Antonium3

160 493 232 528 ego
267 489 369 519 sorte
404 482 540 519 datum
575 483 828 529 offenderem,
860 490 902 520 ut
932 482 1050 521 etiam
1085 482 1296 533 inquireret
1326 484 1365 522 in
1398 498 1488 523 eum

160 558 278 594 quem
300 545 572 595 reliquissem?
612 548 704 584 Hoc
726 547 875 593 melius,
899 554 936 585 et
957 547 1072 585 huius
1094 547 1146 585 rei
1168 549 1277 598 plura
1298 550 1486 598 exempla,

160 610 350 648 senectuti
372 610 533 659 quidem
551 619 706 649 nostrae
727 613 906 660 profecto
926 611 1065 661 aptius.
1126 615 1178 650 At
1200 620 1237 650 te
1257 614 1362 663 apud
1383 627 1485 660 eum,

159 675 198 712 di
221 675 326 723 boni,
350 683 498 725 quanta
518 676 558 714 in
585 677 705 727 gratia
732 677 870 726 posui!
901 677 1015 727 eique
1038 677 1111 728 legi
1133 678 1277 716 litteras
1305 692 1385 717 non
1403 686 1488 717 tuas

159 741 228 778 sed
250 740 377 778 librari
399 740 465 780 tui.

212 804 442 843 Amicorum
464 805 613 845 litterae
630 820 692 845 me
712 809 762 845 ad
784 806 1025 856 triumphurn
1043 815 1197 855 vocant,
1216 822 1294 846 rem
1317 823 1338 846 a
1359 809 1488 856 nobis,

160 877 201 907 ut
235 883 308 919 ego
341 870 515 918 arbitror,
548 880 706 921 propter
740 873 841 910 hanc
873 874 1165 925 παλιγγενεσίαν
1199 882 1371 911 nostram
1407 888 1486 913 non

159 936 454 984 neglegendam.
497 937 587 984 Qua
608 950 647 975 re
668 945 708 974 tu
731 950 901 987 quoque,
918 937 970 975 mi
988 937 1128 985 Attice,
1145 938 1273 989 incipe
1290 938 1328 977 id
1347 952 1487 989 cupere

158 1013 238 1049 quo
258 1013 330 1038 nos
352 1000 480 1039 minus
502 1001 623 1052 inepti
644 1002 854 1041 videamur.

200 1117 291 1152 VII
456 1121 522 1153 Ser.
550 1121 646 1152 Tarsi
658 1126 733 1153 ante
748 1123 784 1153 iii
798 1123 840 1153 K.
860 1122 948 1154 Sext.
968 1134 999 1154 a.
1020 1133 1079 1164 704
1100 1124 1180 1165 (50).

564 1199 738 1230 CICERO
766 1200 948 1231 ATTICO
974 1200 1079 1231 SAL.

213 1275 385 1324 Quintus
403 1275 503 1314 filius
524 1276 587 1326 pie
607 1290 711 1324 sane,
731 1291 794 1315 me
809 1277 970 1327 quidem
985 1286 1089 1316 certe
1107 1280 1273 1316 multum
1290 1280 1482 1326 hortante,
1503 1291 1519 1317 1

157 1342 227 1379 sed
247 1348 467 1379 currentem
497 1341 672 1379 animum
704 1342 821 1392 patris
849 1343 907 1380 sui
939 1342 1059 1380 sorori
1090 1351 1179 1381 tuae
1207 1344 1480 1382 reconciliavit.

158 1406 261 1442 Eum
282 1407 395 1444 valde
417 1413 506 1443 tuae
527 1405 675 1444 litterae
696 1406 921 1445 excitarunt.
975 1407 1083 1455 Quid
1111 1407 1294 1457 quaeris?
1324 1409 1484 1447 confido

157 1483 237 1508 rem
260 1478 300 1508 ut
321 1472 502 1509 volumus
522 1484 616 1509 esse.

212 1535 278 1573 Bis
298 1537 349 1574 ad
376 1544 413 1574 te
438 1544 553 1575 antea
579 1536 714 1586 scripsi
741 1538 791 1575 de
818 1551 858 1575 re
885 1550 973 1575 mea
1000 1537 1186 1585 familiari,
1212 1537 1241 1575 si
1263 1539 1384 1577 modo
1414 1538 1483 1577 tibi

157 1601 332 1640 redditae
353 1601 502 1640 litterae
524 1609 624 1648 sunt,
649 1603 799 1640 Graece
821 1605 858 1640 ἐν
877 1605 1068 1655 αἰνιγμοῖς.
1127 1602 1281 1641 Scilicet
1309 1603 1405 1640 nihil
1427 1611 1484 1641 est
1532 1639 1536 1643 .

157 1668 422 1713 movendum3
452 1668 521 1705 sed
552 1674 683 1705 tamen
713 1670 862 1715 ἀφελῶς
890 1669 1161 1717 percontando
1187 1669 1230 1705 de
1256 1668 1483 1706 nominibus

158 1731 319 1769 Milonis
349 1740 386 1769 et
417 1739 458 1769 ut
486 1731 666 1781 expediat
696 1739 737 1769 ut
768 1732 863 1770 mihi
894 1732 1081 1782 receperit
1112 1733 1307 1771 hortando
1336 1733 1484 1783 aliquid

155 1800 272 1836 †aut†
291 1797 481 1846 proficies.
1439 1843 1445 1848 a

210 1863 295 1911 Ego
326 1862 546 1901 Laodiceae
577 1870 824 1912 quaestorem
857 1861 1094 1900 Mescinium
1125 1870 1349 1912 exspectare
1376 1862 1480 1909 iussi,
1502 1875 1526 1902 2

155 1933 196 1963 ut
224 1928 423 1965 confectas
451 1927 620 1965 rationes
641 1929 725 1977 lege
748 1927 848 1965 Iulia
875 1928 980 1976 apud
1009 1928 1106 1965 duas
1128 1926 1303 1965 civitates
1325 1940 1481 1976 possem

155 1991 382 2041 relinquere.
462 1994 650 2030 Rhodum
687 1994 775 2030 volo
815 2006 1023 2042 puerorum
1063 2005 1189 2037 causa,
1232 1992 1325 2030 inde
1364 2005 1483 2042 quam

154 2055 323 2105 primum
363 2057 554 2103 Athenas,
594 2056 665 2094 etsi
711 2056 854 2094 etesiae
893 2057 1006 2094 valde
1046 2057 1208 2103 reflant3
1256 2057 1325 2095 sed
1366 2058 1483 2107 plane

201 2169 213 2188 1
242 2160 350 2198 ‘quod
378 2159 540 2198 egerit—¹
560 2157 702 2188 NOPM
725 2158 760 2196 <fi
793 2156 973 2187 Lehmann
990 2157 1099 2188 ‘vlits
1121 2163 1179 2199 pp.
1207 2168 1310 2197 197-9
1337 2162 1365 2188 et
1382 2160 1478 2193 Fam.

154 2203 222 2232 xvi.
254 2213 306 2240 24.
335 2213 363 2236 2,
395 2203 465 2233 Att.
485 2213 537 2233 xv.
562 2213 610 2241 13.
632 2212 663 2240 3.
699 2201 788 2233 Tusc.
813 2203 856 2233 iii.
888 2212 955 2240 50:
989 2201 1086 2239 nihil,
1113 2203 1193 2240 quid
1212 2203 1320 2241 egerit
1346 2203 1486 2244 Affadvtg

153 2246 173 2274 8
198 2247 262 2286 tui]
277 2246 359 2284 sort.
374 2246 439 2276 mei
565 2256 601 2284 14
625 2245 798 2276 ATTICO
817 2245 915 2276 SAL.
933 2245 1009 2274 add.
1024 2244 1119 2276 Man.
1259 2257 1295 2285 17
1314 2251 1390 2277 tuae
1404 2246 1479 2277 Ml:

155 2299 206 2318 me
232 2294 309 2318 tuae
328 2289 401 2318 M²z
437 2289 536 2319 etiam
562 2294 640 2319 tuae
665 2288 782 2318 ‹odices
805 2288 1011 2328 Malaspinae
1163 2299 1201 2319 21
1228 2290 1270 2320 de
1294 2290 1370 2321 add.
1390 2291 1477 2331 vulg.

154 2342 194 2361 22
215 2332 343 2371 recepit
357 2332 444 2371 vulg.
537 2342 578 2370 23
595 2331 667 2372 aut]
681 2337 714 2362 tu
728 2331 832 2371 vulg:
846 2332 926 2369 soff.
942 2336 997 2362 aut
1011 2331 1137 2362 valebis
1152 2337 1208 2363 aut
1220 2333 1269 2363 vel
1289 2333 1393 2363 simile
1404 2334 1485 2373 qm'd

153 2386 192 2412 24
219 2376 301 2405 iussi
328 2374 470 2407 Lama:
499 2376 570 2405 misi
595 2374 668 2406 M¹:
700 2376 793 2405 missi
821 2371 860 2404 Z‘
1039 2386 1079 2415 25
1109 2387 1240 2415 possem
1276 2377 1484 2419 lVesenhetgz

153 2419 277 2457 possim
296 2417 337 2447 M
467 2429 506 2457 27
534 2419 615 2458 etsi]
641 2423 674 2449 et
701 2420 743 2449 ad
766 2419 882 2449 urbem
907 2420 969 2449 nisi
994 2418 1191 2451 Lehmann:
1213 2421 1307 2460 fort..
1329 2422 1377 2452 vel
1392 2427 1426 2452 et
1441 2423 1485 2454 ad

153 2462 269 2492 urbem
288 2461 407 2501 addito,
429 2462 632 2492 retinendum
651 2466 695 2492 est
712 2463 775 2492 etsi
868 2463 968 2502 plane
987 2466 1010 2494 Σ
1027 2465 1111 2495 Ant.
1134 2464 1167 2494 F
1191 2476 1198 2495 ε
1227 2475 1290 2496 om.
1312 2470 1340 2495 Δ
