1773 2651
173 196 268 234 VII.
291 197 412 233 xiiia
621 198 675 233 M.
708 196 876 233 TVLLI
910 194 1218 234 CICERONIS

267 308 399 345 sciam.
462 307 673 358 Pompeius
702 321 726 345 a
757 308 895 344 Teano
929 304 1116 343 Larinum
1148 317 1281 342 versus
1316 304 1513 353 profectus
1544 310 1601 340 est

268 386 301 410 a.
334 374 371 410 d.
405 384 478 410 V111
507 374 593 410 Kal.
656 374 715 410 Eo
745 371 809 409 die
839 370 983 408 mansit
1008 369 1178 408 Venafri.
1241 371 1326 407 Iam
1356 368 1602 418 aliquantum

267 436 388 475 animi
408 437 560 476 videtur
587 437 702 475 nobis
725 435 913 474 adtulisse
941 434 1151 473 Labienus.
1212 435 1290 473 Sed
1320 447 1393 483 ego
1423 434 1603 471 nondum

268 502 399 540 habeo
419 503 526 552 quod
548 503 598 540 ad
620 509 656 540 te
678 515 724 539 ex
744 500 804 538 his
825 500 921 538 locis
942 499 1136 547 scribamg
1166 499 1239 537 ista
1260 499 1383 549 magis
1404 505 1600 548 exspecto,

269 566 366 616 quid
387 566 482 604 illim
503 568 708 612 adferatur,
732 579 813 615 quo
842 573 959 615 pacto
986 566 1037 603 de
1065 563 1245 603 Labieno
1268 565 1376 611 ferat,
1398 563 1495 613 quid
1515 570 1604 613 agat
1625 576 1642 608 5

271 632 471 670 Domitius
492 632 531 669 in
554 631 705 677 Marsis,
732 630 843 680 Iguvi
864 631 1071 676 Thermus,
1096 631 1137 668 P.
1156 629 1288 668 Attius
1310 628 1480 679 Cinguli,
1502 642 1604 679 quae

271 697 320 735 sit
350 696 487 747 populi
517 695 654 733 urbani
689 697 880 741 voluntas,
915 708 1017 745 quae
1049 702 1116 733 tua
1149 694 1376 733 coniectura
1405 695 1456 732 de
1488 694 1604 732 rebus

271 762 418 800 futuris.
494 763 607 799 Haec
646 760 763 799 velim
803 760 941 798 crebro
979 767 1017 798 et
1056 759 1153 809 quid
1185 759 1256 798 tibi
1290 761 1341 798 de
1376 758 1604 798 mulieribus

271 827 413 865 nostris
447 828 599 876 placeat
629 834 666 864 et
697 825 793 875 quid
824 832 981 863 acturus
1012 824 1097 874 ipse
1132 824 1184 863 sis
1215 824 1373 863 scribas.
1446 824 1486 862 Si
1517 823 1605 861 scri-

272 893 404 930 berem
444 891 537 941 ipse,
579 890 730 940 longior
769 889 935 940 epistula
974 889 1120 937 fuisset,
1154 891 1224 928 sed
1264 889 1409 928 dictavi
1448 896 1605 940 propter
1628 906 1666 928 10

271 956 558 1007 lippitudinem.

317 1062 426 1097 XIV
551 1065 620 1096 Scr.
643 1065 775 1096 Calibus
790 1076 822 1096 a.
840 1064 870 1096 d.
890 1065 924 1095 vi
936 1064 978 1096 K.
999 1064 1086 1095 Febr.
1108 1075 1138 1095 a.
1162 1074 1217 1104 705
1236 1064 1321 1105 (49).

694 1137 868 1169 CICERO
893 1137 1068 1168 ATTICO
1095 1137 1192 1168 SAL.

236 1225 254 1252 1
329 1214 375 1250 A.
406 1212 441 1250 d.
476 1223 515 1248 vl
549 1212 636 1249 Kal.
669 1210 779 1248 Febr.
814 1211 993 1259 Capuam
1026 1209 1190 1248 Calibus
1219 1208 1484 1258 proficiscens,
1517 1222 1607 1246 cum

275 1277 409 1316 leviter
448 1275 638 1326 lippirem,
681 1276 750 1312 has
789 1274 934 1312 litteras
973 1273 1077 1313 dedi.
1156 1275 1199 1311 L.
1239 1275 1383 1313 Caesar
1423 1274 1609 1312 mandata
1632 1289 1667 1321 15

276 1341 454 1381 Caesaris
481 1340 621 1379 detulit
647 1341 699 1378 ad
728 1338 962 1389 Pompeium
990 1352 1021 1376 a.
1047 1339 1082 1377 d.
1108 1351 1182 1376 vm
1207 1340 1309 1385 Kal,
1333 1352 1423 1376 cum
1452 1338 1482 1375 is
1507 1346 1608 1377 esset

277 1420 367 1445 curn
400 1405 629 1444 consulibus
661 1404 797 1443 Teani.
859 1405 1028 1442 Probata
1062 1403 1248 1442 condicio
1279 1412 1348 1451 est,
1386 1404 1455 1441 sed
1485 1403 1539 1441 ita
1568 1411 1609 1441 ut

278 1472 342 1510 ille
362 1472 413 1510 de
434 1470 479 1508 iis
500 1470 656 1520 oppidis
678 1483 779 1520 quae
801 1477 907 1508 extra
927 1482 1038 1507 suam
1064 1468 1306 1519 provinciam
1337 1468 1610 1518 occupavisset

278 1535 471 1587 praesidia
491 1536 716 1573 deduceret.
762 1536 809 1572 Id
830 1534 861 1572 si
878 1534 1043 1581 fecisset,
1067 1547 1299 1583 responsum
1322 1541 1379 1571 est
1399 1535 1450 1572 ad
1472 1534 1609 1572 urbem

280 1615 352 1639 nos
373 1600 565 1639 redituros
586 1613 671 1637 esse
697 1607 735 1638 et
756 1613 837 1637 rem
865 1612 934 1649 per
960 1606 1140 1637 senatum
1168 1600 1426 1637 confecturos.
1487 1600 1610 1648 Spero
1632 1614 1672 1636 20

280 1680 396 1717 posse
417 1666 455 1703 in
477 1665 696 1716 praesentia
716 1678 854 1715 pacem
876 1678 949 1703 nos
970 1665 1115 1703 habere
1133 1679 1139 1709 ;
1169 1678 1261 1702 narn
1283 1672 1320 1702 et
1341 1664 1451 1702 illum
1472 1664 1611 1703 furoris

238 1740 319 1772 2et
358 1733 464 1769 hunc
503 1738 679 1769 nostrum
719 1730 921 1780 copiarum
961 1730 1220 1780 suppaenitet.
1297 1731 1366 1768 Me
1399 1729 1612 1780 Pompeius

282 1798 461 1846 Capuam
483 1795 614 1834 venire
635 1794 757 1834 voluit
784 1802 822 1833 et
851 1795 1036 1834 adiuvare
1063 1796 1277 1843 dilectum3
1307 1795 1345 1833 in
1367 1808 1447 1845 quo
1474 1809 1611 1845 parurn

282 1861 429 1912 prolixe
459 1862 700 1911 respondent
730 1861 925 1911 Campani
954 1862 1096 1900 coloni.
1157 1861 1404 1900 Gladiatores
1434 1861 1614 1901 Caesaris

282 1927 348 1977 qui
379 1928 541 1976 Capuae
570 1934 670 1973 sunt,
694 1927 744 1965 de
773 1927 918 1976 quibus
946 1934 1037 1965 ante
1066 1928 1117 1965 ad
1147 1934 1185 1965 te
1211 1928 1352 1964 falsum
1380 1940 1425 1965 ex
1450 1928 1496 1964 A.
1520 1928 1614 1964 Tor·
1636 1940 1672 1970 25

282 1991 389 2042 quati
411 1991 546 2030 litteris
567 1991 809 2041 scripseram,
833 2005 927 2030 sane
948 1992 1160 2030 commode
1183 1991 1396 2042 Pompeius
1416 1991 1614 2031 distribuit

283 2057 398 2097 binos
427 2057 588 2107 singulis
618 2057 793 2107 patribus
818 2056 1062 2095 familiarum.
1122 2058 1331 2095 Scutorum
1359 2056 1399 2094 in
1426 2057 1522 2095 ludo
1550 2069 1615 2095 100

282 2124 449 2161 fuerunt.
511 2122 769 2172 Eruptionem
791 2121 928 2160 facturi
955 2121 1073 2160 fuisse
1094 2121 1336 2160 dicebantur.
1396 2123 1499 2160 Sane
1520 2123 1616 2159 mul-

284 2196 367 2226 tum
389 2187 427 2225 in
449 2201 497 2226 eo
518 2187 571 2225 rei
593 2186 773 2236 publicae
794 2186 992 2236 provisum
1014 2193 1081 2224 est.

330 2304 349 2323 2
372 2293 522 2324 Venafri.
573 2292 642 2322 Iam
668 2291 840 2322 Biicltcler:
866 2291 1059 2321 Venafriam
1087 2291 1127 2320 M
1257 2301 1274 2329 7
1301 2296 1355 2321 tua
1379 2301 1446 2322 om.
1470 2290 1511 2320 M
1527 2291 1617 2321 solus

286 2337 306 2366 8
331 2338 471 2367 suturis:
497 2337 580 2366 haec
605 2336 694 2376 vulg.
821 2345 857 2364 21
887 2345 989 2374 posse
1014 2334 1142 2365 Moser:
1168 2345 1244 2365 csse
1269 2334 1356 2366 codd.
1377 2347 1383 2365 :
1407 2345 1473 2365 om.
1493 2334 1617 2365 Scln'e'tz

287 2391 327 2419 25
352 2380 382 2409 A
409 2380 518 2411 Cral.:
544 2391 607 2410 om.
630 2379 670 2409 M
803 2389 842 2417 27
869 2379 1048 2409 Scutorum
1074 2378 1174 2417 codd,
1194 2379 1230 2418 cf
1250 2378 1321 2410 Mil.
1338 2380 1399 2417 64:
1422 2383 1615 2409 secutorum

290 2424 392 2498 gz'ctil·
458 2433 511 2454 cm
535 2418 579 2454 Zb
727 2433 768 2462 29
793 2422 963 2462 provisum
989 2421 1026 2452 I:
1051 2422 1220 2462 profixum
1246 2422 1305 2452 M:
1330 2421 1518 2462 profectum
1535 2421 1613 2453 coni.

323 2477 352 2497 re
379 2476 388 2496 t
