1773 2651
132 560 151 592 5

112 887 152 908 10

110 1563 149 1585 20

590 153 702 188 EPP.
735 152 812 188 AD
844 149 1103 187 ATTICVM
1486 143 1532 179 V.
1555 140 1601 177 vi

172 262 379 312 relinquas.
440 261 567 299 Avide
588 269 774 311 exspecto
791 268 876 298 tuas
897 259 1043 297 litteras
1064 264 1102 295 et
1123 255 1293 294 maxime
1314 261 1355 293 ut
1377 251 1503 292 norim

172 336 327 378 tempus
349 326 602 378 profectionis
624 334 723 365 tuae.

214 421 306 456 VII
515 424 586 456 Ser.
610 424 740 455 Tarenti
752 425 790 456 ,τί
803 424 844 454 Κ.
863 424 939 454 lem.
959 433 990 454 a.
1007 432 1062 462 70]
1080 421 1164 461 (51).

591 484 765 515 CICERO
790 484 961 514 ATTICO
989 482 1089 514 SAL.

226 546 385 585 Cotidie
405 547 466 584 vel
487 545 618 596 potius
639 545 679 583 in
699 545 783 584 dies
811 545 985 594 singulos
1006 542 1203 581 breviores
1230 540 1376 578 litteras
1396 539 1447 577 ad
1468 545 1506 576 te

171 611 310 658 mitto;
339 610 485 649 cotidie
512 610 618 649 enim
644 611 766 660 magis
794 610 971 660 suspicor
1000 617 1038 647 te
1062 608 1102 646 in
1131 606 1295 657 Epirum
1324 605 1400 642 iam
1422 617 1507 654 pro-

170 677 328 714 fectum.
389 677 467 714 Sed
488 684 620 714 tamen
642 684 684 713 ut
705 676 937 713 mandatum
959 674 1058 711 scias
1079 686 1142 710 me
1164 684 1331 718 curasse,
1355 683 1434 719 quo
1456 670 1506 707 de

170 749 272 787 ante,
304 740 357 778 ait
387 755 427 779 se
460 741 672 790 Pompeius
703 740 846 790 quinos
878 740 1096 790 praefectos
1127 739 1349 776 delaturum
1381 748 1506 772 novos

171 806 387 844 vacationis
408 805 634 844 iudiciariae
661 819 788 843 causa.
852 807 937 854 Ego
965 817 1056 842 cum
1078 803 1252 841 triduum
1279 814 1370 839 cum
1393 802 1507 837 Pom-

170 870 260 921 peio
281 878 319 908 et
346 872 453 920 apud
482 870 718 919 Pompeium
745 870 918 916 fuissem,
942 868 1218 919 proficiscebar
1250 864 1505 904 Brundisium

169 949 201 973 a.
226 937 262 974 d.
295 947 339 973 xl
371 937 458 973 Kal.
493 935 638 973 Iunias.
699 935 837 974 Civem
864 935 974 972 illum
1007 932 1204 984 egregium
1234 931 1505 981 relinquebam

170 1008 208 1038 et
227 1002 279 1039 ad
300 1001 397 1039 haec
419 1014 520 1050 quae
545 1000 731 1038 timentur
751 1000 1019 1050 propulsanda
1037 996 1338 1049 paratissimum.
1399 997 1506 1034 Tuas

170 1065 316 1104 litteras
337 1066 576 1116 exspectabo
597 1079 688 1104 cum
709 1073 751 1103 ut
772 1065 869 1115 quid
889 1079 980 1115 agas
1002 1072 1085 1102 tum
1107 1069 1152 1101 nl
1170 1062 1238 1101 ubi
1259 1062 1310 1100 sis
1332 1061 1464 1100 sciam.

212 1156 330 1190 VIII
412 1158 480 1189 Scr.
498 1158 662 1189 Brundisi
671 1159 703 1188 iv
720 1161 781 1188 aut
796 1157 832 1187 iii
847 1156 930 1188 Non.
952 1157 1027 1187 Iun.
1046 1167 1075 1187 a.
1097 1166 1151 1196 703
1170 1155 1258 1196 (ρ).

583 1224 758 1255 CICERO
784 1223 954 1254 ATTICO
981 1223 1079 1254 SAL.

225 1289 294 1326 Me
315 1295 353 1325 et
373 1286 631 1325 incommoda
651 1288 847 1333 valetudo,
870 1300 887 1323 e
906 1299 985 1335 qua
1005 1285 1083 1323 iam
1104 1297 1339 1323 emerseram
1367 1290 1504 1332 utpote
1524 1297 1541 1323 1

169 1366 260 1391 cum
282 1353 365 1391 sine
389 1352 488 1391 febri
515 1352 766 1399 laborassem,
790 1359 828 1390 et
859 1351 1060 1400 Pomptini
1081 1349 1321 1400 exspectatio
1346 1350 1396 1387 de
1423 1361 1504 1398 quo

167 1419 299 1457 adhuc
320 1432 370 1456 ne
397 1430 530 1455 rumor
554 1417 716 1467 quidem
737 1424 906 1464 venerat,
929 1417 1089 1454 tenebat
1114 1415 1397 1454 duodecimum
1426 1413 1503 1451 iam

168 1483 275 1522 diem
307 1483 516 1531 Brundisi;
547 1484 617 1521 sed
647 1496 804 1520 cursum
833 1482 1169 1531 exspectabamus.
1229 1482 1292 1518 Tu
1320 1479 1351 1518 si
1382 1480 1503 1518 modo
1522 1490 1547 1517 2

169 1562 210 1587 es
232 1551 386 1587 Romae
408 1548 487 1599 (vix
507 1548 613 1587 enim
641 1547 766 1598 puto),
790 1547 849 1586 sin
877 1561 928 1594 es,
952 1548 1028 1585 hoc
1049 1547 1304 1585 vehementer
1329 1545 1505 1583 animad-

168 1622 293 1652 vertas
330 1614 457 1652 velim.
519 1616 650 1652 Roma
681 1626 912 1664 acceperam
951 1612 1096 1650 litteras
1137 1611 1331 1650 Milonem
1371 1624 1503 1648 meum

168 1679 278 1729 queri
312 1693 381 1730 per
410 1679 555 1717 litteras
590 1678 771 1717 iniuriam
807 1691 936 1716 meam
967 1678 1076 1727 quod
1105 1676 1339 1714 Philotimus
1375 1676 1505 1714 socius

168 1753 270 1783 esset
304 1744 344 1782 in
380 1744 495 1783 bonis
530 1744 620 1783 suis.
682 1745 731 1782 Id
766 1756 838 1793 ego
869 1743 922 1781 ita
952 1743 1033 1781 fieri
1063 1742 1170 1780 volui
1200 1743 1250 1780 de
1278 1743 1322 1780 C.
1351 1741 1505 1780 Duroni

168 1810 362 1848 sententia
401 1824 519 1860 quem
563 1818 601 1848 et
643 1808 927 1847 amicissimum
972 1807 1115 1846 Miloni
1154 1820 1427 1857 perspexeram
1467 1815 1506 1846 et

168 1877 286 1913 talem
320 1875 446 1913 virum
481 1876 639 1925 qualem
678 1882 720 1912 tu
760 1873 909 1912 iudicas
950 1886 1174 1923 cognoram.
1237 1872 1332 1910 Eius
1371 1880 1503 1911 autem

168 1940 377 1978 consilium
412 1953 627 1990 meumque
661 1941 739 1978 hoc
770 1941 904 1987 fuerat,
939 1938 1110 1988 primum
1150 1945 1192 1976 ut
1230 1937 1271 1975 in
1310 1945 1504 1987 potestate

168 2012 300 2043 nostra
330 2013 432 2043 esset
459 2019 532 2052 res,
553 2018 603 2043 ne
632 2004 742 2042 illum
773 2005 899 2042 malus
931 2010 1086 2052 emptor
1115 2003 1265 2041 alienus
1297 2003 1503 2053 mancipiis

168 2082 269 2119 quae
302 2071 496 2119 permulta
530 2082 665 2107 secum
700 2069 819 2107 habet
854 2068 1048 2118 spoliaret,
1083 2067 1228 2106 deinde
1263 2075 1305 2105 ut
1337 2070 1503 2106 Faustae

169 2134 263 2184 quoi
293 2142 451 2172 cautum
482 2134 546 2172 ille
577 2148 662 2172 esse
692 2134 879 2172 voluisset
909 2142 1036 2171 ratum
1072 2141 1183 2172 esset.
1260 2135 1353 2171 Erat
1383 2133 1501 2171 etiam

217 2233 232 2261 7
268 2233 334 2261 quo
362 2223 402 2252 dc
428 2222 616 2252 Francken:
661 2223 750 2260 quod
784 2222 842 2251 M:
883 2227 964 2260 quot
997 2221 1089 2252 Man.
1269 2233 1290 2260 9
1314 2222 1503 2252 vacationis

173 2267 368 2296 iudiciariae
386 2276 486 2296 causa
506 2266 665 2304 Madvig:
690 2266 885 2295 vacationes
910 2266 1114 2296 iudiciariam
1138 2276 1270 2295 causam
1289 2265 1328 2294 M
1463 2276 1498 2295 11

172 2320 205 2339 Χι
235 2309 416 2339 Commius:
445 2319 521 2339 X1111
541 2308 600 2338 M:
628 2318 691 2338 xlu
721 2309 816 2339 Μωι.
845 2308 998 2339 Sclziclte:
1038 2319 1086 2339 ΧΗ
1115 2309 1305 2348 ,Malaspina
1331 2308 1500 2339 Schmidt:

160 2353 241 2391 fort.
262 2362 297 2382 XI
317 2363 352 2383 Η.
367 2363 377 2382 1
395 2353 414 2383 i.
427 2363 450 2384 e.
469 2353 549 2382 liora
562 2354 675 2392 prima
691 2353 728 2389 cf.
748 2363 801 2383 xv.
820 2364 850 2390 4.
874 2363 884 2382 1
1013 2362 1049 2391 13
1076 2358 1110 2383 ut
1127 2352 1203 2383 add.
1223 2352 1326 2382 Rom.
1462 2355 1502 2383 16

171 2408 189 2426 e
208 2395 284 2426 add.
307 2396 392 2426 Crat.
485 2407 524 2426 21
554 2396 666 2426 Roma
683 2395 777 2427 Man.
799 2408 805 2426 :
833 2396 941 2426 Rome
960 2395 1019 2426 M:
1047 2397 1176 2426 Romae
1192 2396 1308 2427 Baiter
1372 2395 1501 2427 litteras

168 2440 235 2470 secl.
254 2439 368 2469 Baitcr
475 2440 516 2469 28
541 2449 656 2470 secum
679 2443 748 2471 vett.
770 2451 777 2470 :
801 2450 921 2470 secura
939 2439 1025 2471 codd.
1042 2439 1157 2471 Baiter

1354 2482 1414 2514 10*
