1732 2661
141 596 157 626 5

121 929 158 950 10

115 1581 155 1601 20

594 191 707 227 EPP.
739 191 816 226 AD
847 190 1108 228 ATTICVM
1483 189 1512 225 I.
1537 187 1613 224 xiv

226 296 333 332 XIV
535 300 606 331 Ser.
624 300 753 330 Romae
770 299 815 331 [α’.
837 300 925 331 Febr.
946 310 976 330 a.
999 300 1057 338 693
1077 299 1155 339 (61).

599 376 773 407 CICERO
799 376 972 406 ATTICO
999 375 1096 406 SAL.

236 456 384 493 Vereor
414 469 464 494 ne
495 455 677 506 putidum
710 455 758 493 sit
792 455 960 493 scribere
994 457 1045 492 ad
1078 461 1116 492 te
1150 467 1270 503 quarn
1301 453 1373 492 sim
1404 467 1517 492 occu·
1538 465 1555 492 1

180 528 308 570 patus,
325 521 393 557 sed
415 528 546 557 tamen
569 520 621 557 ita
641 519 857 557 distinebar
877 528 919 557 ut
940 519 1032 557 huic
1053 518 1115 556 vix
1137 520 1310 556 tantulae
1327 517 1517 567 epistulae

182 591 337 634 tempus
358 583 563 621 habuerim
591 592 710 633 atque
738 583 778 621 id
805 591 983 633 ereptum
1011 597 1032 621 e
1057 582 1221 621 summis
1250 581 1516 632 occupationi-

180 651 265 688 bus.
325 649 456 687 Prima
494 649 628 687 contio
670 649 833 699 Pompei
873 648 999 698 qualis
1039 648 1174 686 fuisset
1213 647 1349 697 scripsi
1386 648 1437 685 ad
1477 655 1515 685 te

179 723 306 762 antea,
343 728 423 753 non
458 714 632 753 iucunda
671 714 835 761 miseris,
865 714 993 752 inanis
1030 713 1231 763 improbis,
1269 712 1394 751 beatis
1433 726 1515 751 non

179 788 295 830 grata,
334 779 449 818 bonis
489 793 569 817 non
609 780 760 829 gravis;
800 780 933 830 itaque
973 779 1148 830 frigebat.
1221 780 1326 816 Tum
1360 778 1515 816 Pisonis

178 845 351 884 consulis
381 845 553 895 impulsu
585 845 805 883 levissimus
836 845 1016 883 tribunus
1046 846 1095 895 pl.
1131 844 1265 881 Fufius
1296 843 1335 881 in
1366 843 1514 881 contio-

177 925 268 950 nem
295 910 477 961 producit
499 911 746 961 Pompeium.
808 913 888 949 Res
916 911 1105 960 agebatur
1126 909 1165 947 in
1191 909 1294 948 circo
1317 909 1513 948 Flaminio

177 984 215 1015 et
254 984 335 1015 erat
373 976 413 1014 in
452 990 499 1015 eo
539 976 624 1027 ipso
659 978 748 1014 loco
788 976 855 1014 illo
890 975 954 1014 die
994 975 1262 1013 nundinarum
1296 976 1508 1027 πανήγυρις.

177 1041 381 1090 Quaesivit
410 1055 457 1080 ex
486 1055 534 1080 eo
564 1043 787 1092 placeretne
812 1041 845 1079 ei
874 1040 1024 1079 iudices
1055 1054 1078 1078 a
1107 1048 1285 1091 praetore
1315 1040 1401 1090 legi,
1430 1053 1512 1090 quo

175 1107 341 1146 consilio
361 1107 467 1146 idem
489 1115 644 1158 praetor
665 1115 847 1145 uteretur.
909 1107 957 1144 Id
986 1114 1119 1144 autern
1141 1113 1222 1144 erat
1242 1107 1292 1144 de
1314 1106 1510 1145 Clodiana

174 1172 360 1222 religione
397 1173 447 1211 ab
487 1180 624 1210 senatu
670 1172 940 1210 constitutum.
1009 1173 1114 1209 Tum
1162 1171 1375 1221 Pompeius
1419 1173 1552 1221 μάλ’2

175 1241 483 1287 ἀριστοκρατικῶς
527 1238 682 1275 locutus
727 1245 785 1275 est
828 1244 1067 1286 senatusque
1113 1236 1387 1274 auctoritatem
1434 1236 1509 1275 sibi

174 1303 360 1341 omnibus
391 1303 430 1340 in
463 1303 579 1341 rebus
610 1302 821 1340 maximam
851 1301 974 1340 videri
1004 1315 1238 1351 semperque
1268 1301 1390 1339 visam
1424 1315 1508 1340 esse

173 1368 376 1418 respondit
403 1375 441 1406 et
471 1367 511 1405 id
542 1367 674 1405 multis
702 1367 840 1405 verbis.
902 1368 1045 1404 Postea
1076 1367 1263 1404 Messalla
1298 1368 1436 1405 consul
1467 1366 1507 1404 in

174 1441 311 1471 senatu
339 1434 389 1471 de
418 1432 610 1482 Pompeio
641 1432 832 1482 quaesivit
857 1431 954 1482 quid
979 1432 1029 1469 de
1057 1431 1244 1481 religione
1276 1439 1314 1469 et
1341 1432 1391 1469 de
1423 1445 1508 1481 pro-

175 1500 348 1549 mulgata
378 1497 580 1548 rogatione
611 1496 781 1535 sentiret.
842 1498 1019 1535 Locutus
1051 1496 1104 1534 ita
1139 1504 1197 1534 est
1228 1496 1268 1534 in
1299 1504 1437 1534 senatu
1465 1504 1507 1535 ut

174 1564 307 1602 omnia
338 1563 440 1600 illius
470 1562 617 1601 ordinis
648 1564 828 1600 consulta
859 1565 1008 1614 γενικῶς
1039 1562 1216 1600 laudaret
1246 1561 1432 1611 mihique,
1465 1568 1507 1599 ut

172 1628 338 1675 adsedit,
362 1628 458 1666 dixit
490 1641 531 1666 se
563 1635 699 1678 putare
730 1627 822 1665 satis
851 1627 901 1666 ab
934 1641 975 1665 se
1006 1626 1124 1665 etiam
1155 1627 1229 1664 ‘de
1260 1626 1341 1664 istis
1369 1627 1506 1664 rebus'

172 1708 257 1732 esse
274 1707 516 1744 responsum.
563 1694 737 1739 Crassus,
758 1700 895 1742 postea
916 1706 1035 1742 quam
1058 1691 1154 1730 vidit
1175 1691 1285 1729 illum
1307 1691 1507 1741 excepisse
1527 1700 1552 1737 3

172 1760 329 1797 laudem
347 1772 392 1796 ex
409 1772 456 1796 eo
473 1759 582 1808 quod
598 1757 686 1796 †hi†
701 1757 993 1807 suspicarentur
1009 1756 1191 1795 homines
1207 1756 1242 1795 ei
1256 1758 1507 1794 consulatum

172 1837 305 1861 meum
339 1824 506 1872 placere,
538 1822 699 1860 surrexit
735 1822 1062 1871 ornatissimeque
1094 1822 1144 1860 de
1176 1835 1266 1860 meo
1298 1823 1506 1859 consulatu

114 1901 128 1921 2
172 1890 326 1927 locutus
356 1895 425 1934 est,
457 1895 499 1925 ut
531 1886 584 1925 ita
618 1887 779 1933 diceret,
813 1890 876 1925 ‘se
911 1888 1020 1936 quod
1055 1894 1157 1925 esset
1192 1894 1357 1932 senator,
1395 1887 1505 1936 quod

172 1952 277 1999 civis,
300 1953 408 2002 quod
429 1951 540 1999 liber,
561 1952 670 2001 quod
690 1951 846 1997 viveret,
870 1950 966 1989 mibi
987 1959 1195 2001 acceptum
1216 1952 1355 1989 referre
1370 1966 1380 1999 3
1409 1965 1503 2001 quo-

171 2017 271 2055 tiens
292 2017 515 2066 coniugem,
537 2016 720 2066 quotiens
742 2017 921 2063 domurn,
943 2015 1127 2065 quotiens
1154 2017 1319 2066 patriam
1341 2015 1502 2064 videret,

171 2082 313 2121 totiens
343 2096 384 2120 se
414 2081 651 2120 beneficium
681 2094 813 2118 meum
844 2079 1001 2118 videre.'
1058 2080 1167 2129 Quid
1195 2081 1346 2118 multa?
1375 2088 1502 2118 totum

170 2148 276 2185 hunc
308 2148 439 2185 locum
474 2160 592 2195 quem
626 2159 698 2194 ego
726 2144 829 2183 varie
858 2144 954 2182 meis
985 2144 1242 2193 orationibus,
1268 2159 1433 2195 quarum
1460 2152 1502 2183 tu

214 2261 233 2288 4
259 2250 303 2279 ita
322 2253 380 2279 Σεε
406 2259 469 2279 om.
490 2248 531 2277 M
618 2248 693 2277 huic
710 2248 766 2277 vix
784 2253 834 2277 A:
858 2248 913 2276 vix
930 2247 1006 2277 huic
1025 2250 1049 2278 Σ
1199 2257 1236 2276 12
1261 2248 1454 2287 placeretne
1472 2249 1502 2279 ei

171 2297 265 2324 zett.:
290 2293 439 2341 placeret
459 2302 520 2322 nec
539 2291 595 2321 M.
623 2292 817 2330 placeretne
835 2291 919 2321 Rav.
1030 2291 1067 2320 16
1092 2291 1268 2321 maximam
1287 2291 1372 2321 Rav.
1389 2292 1503 2332 vulg..
1497 2304 1503 2310 ·

172 2338 250 2367 ime
268 2336 328 2366 M:
353 2336 425 2366 -imi
443 2335 463 2364 I
605 2345 641 2364 21
669 2335 710 2364 de
739 2335 812 2365 istis
841 2334 901 2364 M:
937 2334 1084 2372 demptis
1110 2334 1138 2364 C
1161 2335 1258 2373 (sati.
1274 2345 1314 2364 ez·
1333 2335 1374 2365 de
1401 2335 1501 2375 meis)

170 2391 221 2417 22,
235 2389 275 2417 23
294 2380 461 2410 excidisse
476 2379 573 2409 laude
585 2377 706 2407 lllt'c'ller
778 2388 818 2415 23
839 2377 871 2407 hi
886 2376 943 2408 del.
958 2377 1026 2408 edd.
1040 2377 1202 2416 quizdam
1223 2378 1270 2408 sic
1282 2388 1357 2408 com.
1376 2378 1501 2409 VVesen-

169 2424 263 2464 berg:
288 2423 365 2453 hinc
385 2422 577 2453 Goveanus:
601 2422 710 2451 minus
728 2419 845 2452 Mz'c'ller
965 2430 1006 2459 25
1030 2425 1065 2450 ut
1081 2420 1142 2462 ita]
1162 2421 1207 2451 ita
1223 2426 1258 2451 ut
1274 2431 1352 2453 com.
1376 2421 1501 2452 PVcsew

170 2467 262 2506 betg:
288 2477 362 2497 cum
380 2467 426 2496 ita
444 2464 567 2495 Miiller

229 2527 299 2552 C1C.
317 2527 366 2550 Αῐ)
384 2526 466 2550 ATT.
1402 2519 1420 2549 2
