1732 2661
584 213 696 249 EPP.
730 214 807 250 AD
840 214 1100 251 ATTICVM
1486 215 1514 251 I.
1535 214 1612 250 xiv

183 325 285 362 Cato
314 325 485 371 advolat,
506 323 730 362 convicium
762 323 896 361 Pisoni
927 324 1079 362 consuli
1111 323 1319 362 mirificum
1350 323 1454 371 facit,
1484 323 1516 362 si

182 388 222 426 id
253 396 310 426 est
340 388 578 435 convicium,
612 402 687 426 vox
716 390 834 438 plena
863 388 1075 438 gravitatis,
1109 391 1227 439 plena
1260 388 1513 436 auctoritatis,

181 455 297 504 plena
327 453 499 503 denique
529 453 674 492 salutis.
735 454 902 492 Accedit
933 455 1074 492 eodem
1106 454 1223 492 etiam
1254 462 1386 493 noster
1414 456 1516 493 Hor-

181 519 341 566 tensius,
365 519 477 557 multi
508 527 708 569 praeterea
739 519 860 563 boni;
900 519 1062 569 insignis
1093 533 1185 558 vero
1216 533 1335 570 opera
1366 519 1514 558 Favoni

144 599 161 630 5
181 584 262 622 fuit.
324 586 417 623 Hoc
445 598 639 623 concursu
665 584 914 634 optimatium
943 584 1104 623 comitia
1124 585 1384 632 dimittuntur,
1407 599 1515 623 sena-

181 657 242 687 tus
281 658 452 688 vocatur.
514 651 617 689 Cum
654 651 928 688 decerneretur
963 650 1157 700 frequenti
1193 658 1341 696 senatu,
1379 657 1516 688 contra

180 722 380 765 pugnante
413 714 571 762 Pisone,
601 716 651 753 ad
684 716 805 765 pedes
841 715 1020 754 omnium
1053 715 1277 765 singillatim
1309 715 1515 754 accidente

181 780 336 827 Clodio,
360 788 402 818 ut
433 781 616 818 consules
648 781 840 830 populum
866 781 1164 819 cohortarentur
1189 782 1240 819 ad
1270 780 1514 830 rogationem

180 845 463 895 accipiendam,
488 845 670 883 homines
701 846 751 883 ad
781 845 1009 895 quindecim
1037 845 1200 885 Curioni
1228 847 1379 883 nullum
1408 858 1515 883 sena-

124 924 162 946 10
182 919 243 949 tus
273 912 499 949 consultum
529 910 687 949 facienti
718 912 1006 958 adsenserunt3
1040 924 1086 949 ex
1114 913 1234 949 altera
1263 918 1371 961 parte
1402 910 1514 948 facile

180 988 281 1015 CCCC
302 978 467 1014 fuerunt.
520 978 621 1014 Acta
642 990 701 1014 res
723 984 790 1014 est.
844 977 977 1014 Fufius
999 976 1179 1015 tribunus
1200 985 1284 1015 tum
1305 976 1511 1015 concessit.

181 1041 347 1081 Clodius
385 1041 593 1080 contiones
626 1041 785 1080 miseras
818 1042 1001 1088 habebat,
1038 1041 1078 1079 in
1110 1042 1254 1091 quibus
1290 1043 1514 1089 Lucullum,

182 1106 453 1154 Hortensium,
474 1108 518 1146 C.
540 1106 740 1153 Pisonem,
759 1108 987 1144 Messallam
1005 1108 1209 1145 consulem
1225 1106 1513 1145 contumeliose

179 1172 386 1219 laedebat3
430 1185 493 1210 me
533 1178 686 1209 tantum
725 1170 1009 1221 ‘comperisse'
1048 1171 1183 1210 omnia
1221 1171 1510 1210 criminabatur.

124 1249 159 1279 15
180 1238 346 1275 Senatus
367 1244 406 1275 et
426 1238 476 1275 de
497 1236 708 1287 provinciis
730 1244 954 1287 praetorum
982 1244 1019 1275 et
1044 1237 1094 1275 de
1122 1236 1383 1287 legationibus
1405 1245 1442 1275 et
1463 1239 1514 1276 de

179 1301 317 1340 ceteris
339 1302 455 1340 rebus
476 1301 715 1340 decernebat
740 1308 782 1339 ut
809 1309 900 1339 ante
927 1314 1046 1351 quam
1072 1301 1222 1351 rogatio
1243 1303 1319 1339 lata
1341 1309 1443 1340 esset
1464 1316 1513 1341 ne

179 1367 276 1417 quid
296 1375 483 1417 ageretur.

235 1434 374 1472 Habes
402 1447 461 1472 res
490 1434 703 1472 Romanas.
766 1433 843 1471 Sed
866 1440 998 1471 tamen
1020 1432 1138 1471 etiam
1167 1432 1264 1472 illud
1294 1434 1403 1483 quod
1431 1447 1511 1472 non
1532 1434 1559 1471 6

180 1513 376 1550 speraram
407 1499 510 1538 audi.
572 1499 760 1537 Messalla
791 1499 929 1537 consul
962 1506 1020 1537 est
1050 1499 1236 1549 egregius,
1270 1499 1392 1547 fortis,
1422 1513 1514 1538 con-

121 1577 160 1598 20
180 1572 299 1611 stans,
322 1564 500 1615 diligens,
524 1563 646 1603 nostri
676 1564 866 1610 laudator,
888 1570 1052 1611 amator,
1074 1563 1254 1602 imitator.
1317 1565 1390 1603 Ille
1419 1566 1515 1603 alter

180 1643 260 1668 uno
290 1629 384 1669 vitio
418 1630 548 1668 minus
579 1629 741 1668 vitiosus
772 1629 880 1678 quod
914 1628 1027 1675 iners,
1062 1630 1170 1678 quod
1201 1628 1330 1667 somni
1360 1631 1510 1679 plenus,

179 1696 288 1744 quod
318 1694 534 1745 imperitus,
555 1696 664 1745 quod
692 1695 976 1744 ἀπρακτότατος,
1005 1695 1073 1732 sed
1098 1695 1300 1732 voluntate
1326 1694 1380 1732 ita
1409 1697 1514 1747 καχέ-

180 1778 266 1809 κτης
286 1768 327 1797 ut
349 1759 583 1809 Pompeium
606 1767 695 1809 post
716 1758 822 1796 illam
844 1758 1072 1797 contionem
1100 1758 1139 1796 in
1165 1772 1243 1808 qua
1265 1760 1315 1797 ab
1337 1772 1385 1798 eo
1406 1773 1514 1799 sena-

180 1832 241 1863 tus
262 1825 443 1863 laudatus
465 1832 522 1862 est
544 1824 675 1862 odisse
697 1823 880 1873 coeperit.
944 1825 1084 1872 Itaque
1110 1823 1252 1861 mirum
1280 1823 1319 1861 in
1348 1826 1512 1863 modum

123 1902 158 1933 25
180 1889 308 1927 omnis
347 1902 370 1926 a
407 1902 448 1927 se
487 1888 615 1926 bonos
653 1887 847 1926 alienavit.
920 1889 1062 1937 Neque
1101 1887 1141 1926 id
1182 1888 1304 1938 magis
1341 1888 1514 1927 amicitia

181 1953 298 1993 Clodi
327 1954 523 1992 adductus
548 1953 639 1991 fecit
668 1966 787 2002 quam
816 1952 947 1991 studio
969 1952 1208 2003 perditarum
1236 1967 1363 1991 rerum
1393 1961 1513 2004 atque

178 2019 357 2070 partium.
418 2019 496 2057 Sed
528 2019 648 2057 habet
681 2018 739 2056 sui
768 2017 935 2056 similem
970 2018 1009 2055 in
1042 2018 1331 2068 magistratibus
1362 2026 1513 2068 praeter

180 2085 336 2122 Fufium
358 2083 569 2122 neminem.
631 2082 753 2122 Bonis
775 2082 920 2121 utimur
946 2082 1111 2121 tribunis
1133 2085 1196 2133 pl„
1221 2084 1399 2123 Cornuto
1421 2098 1513 2123 vero

180 2148 491 2187 Pseudocatone.
553 2147 662 2197 Quid
684 2147 837 2198 quaeris
855 2149 871 2185 ?

227 2263 238 2281 1
266 2252 453 2282 convicium
484 2251 525 2280 M
550 2251 711 2290 (malglz
748 2251 983 2281 commulcium
1011 2252 1059 2281 Z:
1095 2252 1357 2283 commulticium
1384 2252 1445 2284 M:
1476 2257 1513 2284 at

181 2306 260 2324 mox
284 2295 316 2335 (l.
339 2297 371 2331 2‘)
400 2295 630 2325 commultium
657 2294 734 2325 lel.
784 2294 936 2324 Sclmu'dt
964 2294 1062 2334 thie
1085 2295 1370 2335 hands-christliche
1399 2297 1509 2327 Ucber-

179 2338 352 2378 liescrnng'
372 2343 406 2378 p.
431 2339 509 2377 347)
532 2342 630 2378 putat
660 2337 891 2368 commulcium
908 2339 1016 2377 fuisse
1046 2339 1240 2369 vocabulum
1268 2340 1414 2380 vulgam's
1438 2352 1509 2371 ora-

180 2382 283 2417 tionis,
309 2381 534 2421 probabilt‘ler;
568 2382 676 2421 confer
698 2381 860 2412 Plautum
894 2381 988 2412 Mera
1017 2391 1058 2420 59
1085 2386 1113 2411 et
1139 2383 1347 2413 Lambinnm
1379 2383 1427 2414 ad
1454 2385 1509 2414 loc.

184 2435 218 2454 11
246 2424 349 2465 Acta]
374 2425 526 2464 Accepta
552 2425 693 2465 lllaclvtg
825 2430 892 2454 tum
919 2425 1038 2456 Mam:
1079 2427 1215 2456 tertium
1233 2426 1344 2457 codd:
1371 2429 1511 2458 territus

182 2467 339 2498 Graevius

1393 2515 1435 2546 2*
