1773 2651
574 147 685 184 EPP.
718 147 795 183 AD
827 145 1085 183 ATTICVM
1402 144 1543 180 VII.v

227 257 441 307 Reliquum
471 266 528 296 est
558 257 687 305 iocari,
719 257 750 295 si
780 257 843 295 hic
873 256 983 294 sinat.
1045 257 1148 294 Nam
1170 269 1242 305 ego
1268 255 1298 293 is
1326 268 1411 293 sum
1433 255 1500 304 qui
1520 263 1545 303 5

171 322 225 360 illi
255 323 421 361 concedi
453 331 587 372 putem
623 322 754 360 utilius
786 335 870 360 esse
902 321 1010 371 quod
1042 322 1212 371 postulat
1247 333 1364 369 quam
1393 319 1502 368 signa

172 387 348 425 conferri.
408 389 503 425 Sero
532 387 637 425 enim
668 387 880 425 resistimus
911 385 945 424 ei
976 399 1093 435 quem
1124 399 1191 434 per
1216 398 1341 422 annos
1362 386 1501 423 decem

173 452 341 490 aluimus
366 460 501 490 contra
529 466 610 490 nos.
675 451 805 500 ‘Quid
830 450 972 489 senties
997 450 1163 500 igitur?'
1193 449 1333 499 inquis.
1393 449 1502 486 Nihil

139 526 155 557 5
175 517 322 554 seilicet
352 517 425 555 nisi
455 518 505 555 de
536 516 730 555 sententia
760 524 826 554 tua
855 530 927 554 nee
956 515 1060 565 prius
1086 514 1249 564 quidem
1284 528 1402 564 quam
1436 528 1503 552 no-

175 590 296 619 strum
318 581 519 631 negotium
550 589 616 619 aut
637 580 921 619 confecerimus
942 588 1008 617 aut
1030 579 1338 629 deposuerimus.
1399 580 1503 618 Cura

174 647 287 696 igitur
325 654 367 684 ut
405 648 544 684 valeas.
616 646 843 696 Aliquando
883 647 1081 695 ἀπότριψαι
1119 652 1348 695 quartanam
1388 644 1502 682 istam

173 712 375 762 diligentia
396 726 497 762 quae
518 712 557 750 in
579 719 616 751 te
637 726 792 750 summa
811 719 878 750 est.

217 891 284 926 VI
432 893 501 926 Ser.
519 894 553 925 in
570 894 753 925 Formiano
768 894 822 925 :civ
838 894 880 925 K.
902 893 974 924 Ian.
994 904 1025 926 a.
1041 904 1101 934 704
1122 894 1203 935 (50).

118 991 156 1013 10
590 983 765 1014 CICERO
790 982 962 1013 ATTICO
990 982 1087 1013 SAL.

230 1075 350 1112 Plane
380 1075 491 1112 deest
521 1074 629 1122 quod
659 1074 710 1111 ad
741 1080 779 1110 te
808 1072 973 1110 scribam
993 1086 1003 1118 3
1031 1079 1125 1109 nota
1151 1071 1284 1109 omnia
1307 1070 1378 1109 tibi
1400 1078 1502 1118 sunt,
1523 1087 1539 1114 1

175 1153 248 1177 nec
278 1139 361 1188 ipse
391 1139 519 1176 habeo
549 1152 571 1176 a
601 1145 638 1176 te
669 1138 778 1187 quod
807 1145 1040 1186 exspectem.
1100 1138 1273 1174 Tantum
1303 1136 1418 1186 igitur
1438 1149 1505 1174 no-

175 1213 296 1242 strum
314 1204 410 1241 illud
427 1204 617 1241 sollemne
634 1216 832 1240 servemus
853 1210 894 1239 ut
915 1215 964 1239 ne
985 1215 1103 1251 quem
1125 1201 1224 1239 istuc
1245 1209 1403 1239 euntem
1421 1201 1504 1239 sine

175 1269 311 1307 litteris
333 1268 592 1307 dimittamus,
656 1269 717 1305 De
747 1281 787 1305 re
816 1266 974 1316 publica
1001 1267 1115 1304 valde
1136 1266 1258 1304 timeo
1279 1280 1352 1304 nec
1373 1268 1504 1305 adhuc
1523 1279 1547 1306 2

120 1349 155 1380 15
175 1336 254 1372 fere
274 1333 405 1371 inveni
427 1332 494 1382 qui
515 1346 596 1370 non
618 1333 922 1370 concedendum
953 1338 1105 1380 putaret
1123 1330 1280 1370 Caesari
1310 1332 1419 1380 quod
1440 1345 1505 1380 po—

176 1401 334 1436 stularet
354 1397 485 1448 potius
506 1411 625 1447 quam
646 1397 967 1446 depugnandum.
1029 1397 1099 1433 Est
1116 1395 1180 1434 illa
1200 1396 1361 1446 quidem
1382 1396 1506 1445 impu-

175 1465 274 1502 dens
322 1463 545 1513 postulatio,
592 1462 780 1512 opinione
821 1461 1020 1499 valentior.
1107 1462 1186 1500 Cur
1228 1469 1360 1499 autem
1399 1473 1505 1498 nunc

175 1529 345 1579 primum
375 1527 410 1566 ei
439 1527 693 1565 resistamus?

456 1596 511 1631 Oi»
538 1595 609 1645 γὰρ
638 1593 682 1642 δὴ
710 1593 793 1632 τόδε
820 1594 945 1643 μεῖζον
973 1593 1031 1630 ἔπι
1061 1593 1171 1631 κακόν

120 1674 158 1695 20
176 1674 295 1709 quam
330 1673 421 1698 cum
456 1658 773 1708 quinquennium
806 1658 1114 1708 prorogabamus
1146 1664 1213 1695 aut
1247 1670 1337 1695 cum
1370 1664 1412 1694 ut
1441 1656 1507 1694 ab·

176 1725 296 1763 sentis
331 1724 428 1762 ratio
462 1724 671 1762 haberetur
702 1723 934 1769 ferebamus,
971 1722 1045 1773 nisi
1077 1723 1174 1760 forte
1206 1723 1303 1759 haec
1337 1721 1391 1759 illi
1422 1730 1505 1759 tum

175 1804 283 1828 arma
330 1789 512 1828 dedimus
560 1796 602 1827 ut
641 1802 747 1826 nune
785 1801 876 1826 curn
916 1788 1017 1825 bene
1055 1795 1190 1837 parato
1229 1800 1502 1837 pugnaremus,

180 1855 308 1902 Dices,
345 1854 474 1904 ‘Quid
513 1861 555 1891 tu
595 1853 708 1902 igitur
742 1866 925 1891 sensurus
965 1853 1058 1889 es?'
1129 1853 1222 1889 Non
1261 1850 1366 1889 idem
1398 1852 1506 1900 quod

179 1920 351 1958 dicturus
369 1935 379 1967 3
408 1919 574 1957 sentiam
592 1919 697 1956 enim
719 1918 852 1956 omnia
872 1917 1053 1955 facienda
1072 1930 1122 1954 ne
1142 1916 1258 1954 armis
1275 1917 1504 1962 decertetur,

120 1997 158 2028 25
179 1985 308 2022 dicam
329 1984 435 2022 idem
457 1985 567 2033 quod
589 1982 801 2032 Pompeius
824 1996 953 2031 neque
974 1981 1014 2019 id
1035 1981 1175 2019 faciam
1201 1980 1339 2018 humili
1360 1980 1503 2019 animo.

179 2051 257 2087 Sed
295 2063 425 2087 rursus
463 2050 540 2087 hoc
578 2061 835 2098 permagnum
875 2046 928 2085 rei
968 2046 1149 2095 publicae
1188 2047 1335 2082 malum
1373 2053 1430 2083 est
1469 2054 1506 2083 et

178 2115 351 2163 quodam
373 2115 494 2151 modo
515 2113 611 2151 mihi
632 2120 783 2162 praeter
804 2119 953 2150 ceteros
975 2124 1055 2149 non
1075 2118 1224 2149 rectum
1246 2123 1309 2147 me
1330 2109 1369 2147 in
1390 2110 1506 2148 tantis

178 2179 293 2217 rebus
313 2192 336 2216 a
357 2178 547 2228 Pompeio
568 2178 767 2216 dissidere.

221 2293 239 2320 4
264 2283 392 2312 senties
415 2281 624 2321 lVesenberg:
649 2281 756 2311 sentis
781 2279 870 2311 codd.
1007 2289 1044 2318 13
1069 2280 1154 2310 istac
1179 2276 1239 2308 M2
1385 2279 1424 2308 16
1447 2279 1506 2308 im-

179 2327 312 2365 pudens
334 2336 399 2356 om.
419 2324 473 2354 Ml
567 2335 602 2363 17
629 2324 803 2364 opinione]
823 2324 860 2363 cs.
881 2322 1042 2353 ‘Archiv'
1060 2323 1100 2353 vi.
1118 2324 1200 2360 461:
1224 2326 1325 2360 atque
1341 2323 1505 2360 opinione

184 2368 390 2409 lisesenbmg:
414 2369 473 2399 sed
493 2369 520 2399 is
536 2368 593 2407 qui
616 2368 762 2408 postulat
779 2367 939 2407 opinione
957 2366 1131 2396 Lehmann
1221 2365 1399 2395 violentior
1416 2365 1504 2396 Koslz

180 2415 222 2443 26
245 2411 294 2452 et]
312 2419 344 2443 at
363 2411 551 2452 Malaspt'na
683 2422 723 2450 27
750 2421 802 2441 me
819 2411 886 2441 secl.
902 2410 985 2440 Boot
