1773 2651
131 182 199 219 IV.
216 191 246 217 v
610 181 664 217 M.
697 180 865 217 TVLLI
897 180 1205 218 CICERONIS

243 298 407 341 possunt
438 290 462 328 ii
495 304 558 329 me
585 292 725 329 nolunt
748 304 891 337 amare,
920 292 1060 328 demus
1090 304 1249 340 operam
1282 298 1324 328 ut
1354 292 1404 329 ab
1431 291 1476 330 iis
1506 291 1572 341 qui

200 364 409 406 3possunt
448 355 665 406 diligamur.
742 355 860 394 Dices
905 357 1081 394 ‘Vellem
1122 356 1198 394 iam
1238 355 1415 405 pridem.'
1483 356 1574 394 Scio

244 428 282 459 te
302 421 471 460 voluisse
498 429 536 459 et
564 434 627 459 me
653 421 808 458 asinum
829 434 1059 470 germanum
1081 421 1208 459 fuisse.
1270 422 1348 459 Sed
1376 421 1453 458 iam
1480 429 1575 459 tem-

242 499 315 534 pus
336 493 393 524 est
416 499 478 524 me
500 485 628 535 ipsum
652 499 675 522 a
700 498 764 523 me
789 485 922 532 amari,
953 487 1114 535 quando
1140 487 1190 523 ab
1219 486 1292 523 illis
1323 488 1432 524 nullo
1452 488 1574 524 modo

242 563 414 600 possum.
1595 562 1610 592 5

298 616 473 653 Domum
496 629 624 653 meam
647 616 755 665 quod
776 616 914 653 crebro
930 615 1063 653 invisis
1085 623 1142 653 est
1163 616 1257 653 mibi
1275 617 1389 653 valde
1409 624 1571 665 gratum.

242 679 440 718 Viaticum
463 680 664 730 Crassipes
693 680 886 730 praeripit.
946 682 1009 718 Tu
1034 682 1106 718 ‘de
1133 680 1194 718 via
1218 689 1323 718 recta
1349 680 1389 717 in
1417 682 1575 718 hortos.⁷

242 744 409 783 Videtur
443 744 693 783 commodius
725 746 776 783 ad
806 752 869 792 te3
903 745 1092 795 postridie
1123 745 1296 792 scilicet3
1339 746 1435 795 quid
1470 745 1575 783 enim

242 812 340 847 tua?
410 811 487 848 Sed
526 809 749 848 viderimus.
811 809 1099 848 Bibliothecam
1138 809 1234 847 mibi
1274 809 1329 848 tui
1368 810 1577 860 pinxerunt

242 874 534 914 constructione
564 882 603 914 et
632 874 789 924 sillybis.
852 877 931 913 Eos
961 875 1078 913 velim
1108 875 1254 913 laudes.
1600 891 1637 912 10

285 1023 352 1058 VI
485 1026 554 1058 Ser.
573 1027 606 1057 in
625 1026 760 1057 Antiati
779 1037 822 1057 m.
843 1026 929 1067 Apr.
950 1029 1008 1056 cml
1026 1025 1106 1057 Mai.
1126 1037 1156 1057 a.
1178 1029 1243 1067 698
1262 1027 1347 1068 (χῶ.

666 1114 841 1145 CICERO
866 1114 1038 1145 ATTICO
1065 1114 1161 1146 SAL.

212 1216 229 1242 1
301 1205 362 1242 De
384 1204 553 1242 Lentulo
575 1202 723 1241 scilicet
749 1202 804 1240 sic
826 1203 906 1241 fero
936 1210 978 1240 ut
999 1203 1139 1240 debeo.
1196 1201 1334 1241 Virum
1363 1203 1512 1242 bonum
1540 1212 1579 1241 et

245 1282 431 1318 magnum
462 1267 665 1306 hominem
690 1275 729 1306 et
755 1267 795 1305 in
825 1281 980 1305 summa
1004 1267 1275 1317 magnitudine
1304 1268 1425 1306 animi
1455 1270 1579 1307 multa

245 1333 489 1372 humanitate
528 1340 788 1383 temperatum
822 1332 1066 1382 perdidimus
1100 1346 1253 1382 nosque
1287 1336 1392 1371 malo
1430 1334 1577 1372 solacio
1600 1351 1635 1383 15

246 1402 316 1439 sed
337 1414 418 1439 non
439 1400 547 1437 nullo
569 1406 701 1436 tamen
729 1399 980 1436 consolamur
1000 1399 1109 1447 quod
1126 1398 1246 1448 ipsius
1267 1398 1392 1437 vicem
1416 1399 1578 1438 minime

246 1467 440 1511 dolemus,
463 1477 544 1502 non
571 1471 613 1502 ut
643 1463 821 1501 Saufeius
843 1470 881 1501 et
902 1463 1017 1501 vestri
1039 1464 1109 1501 sed
1135 1477 1198 1501 me
1222 1464 1380 1502 hercule
1407 1464 1500 1513 quia
1523 1464 1579 1502 sic

246 1531 405 1568 amabat
435 1528 599 1580 patriam
630 1536 672 1566 ut
702 1527 798 1565 mihi
826 1528 961 1578 aliquo
990 1529 1155 1566 deorum
1186 1528 1382 1567 beneficio
1402 1529 1580 1567 videatur

249 1609 295 1633 ex
327 1594 410 1633 eius
442 1593 627 1632 incendio
659 1606 744 1631 esse
776 1600 942 1642 ereptus.
1003 1594 1108 1630 Nam
1137 1592 1233 1642 quid
1263 1593 1417 1631 foedius
1448 1601 1580 1632 nostra

249 1660 337 1707 vita,
361 1659 571 1710 praecipue
592 1660 709 1696 mea?
766 1659 871 1696 Nam
893 1665 934 1696 tu
956 1657 1130 1708 quidem,
1153 1657 1224 1696 etsi
1252 1671 1293 1696 es
1320 1666 1457 1696 natura
1476 1662 1580 1696 πολι·
1601 1677 1640 1698 20

249 1727 357 1772 τικός,
387 1733 519 1763 tamen
550 1725 698 1762 nullam
729 1724 851 1762 habes
881 1723 1077 1773 propriam
1109 1722 1345 1769 servitutem,
1377 1723 1579 1762 communi

207 1803 231 1830 2
251 1790 386 1829 frueris
415 1789 601 1837 nomine3
631 1803 704 1839 ego
724 1803 816 1827 vero
837 1788 914 1838 qui,
937 1788 968 1826 si
990 1789 1130 1838 loquor
1149 1789 1199 1826 de
1227 1801 1266 1826 re
1293 1788 1451 1838 publica
1471 1790 1579 1838 quod

250 1862 414 1906 oportet,
438 1854 610 1901 insanus,
629 1854 659 1892 si
681 1855 789 1904 quod
811 1867 910 1903 opus
931 1861 999 1900 est,
1018 1867 1151 1891 servus
1171 1853 1379 1899 existimor,
1403 1853 1434 1891 si
1455 1862 1578 1901 taceo,

250 1933 459 1971 oppressus
491 1927 528 1958 et
560 1927 708 1969 captus,
743 1933 823 1969 quo
857 1920 993 1956 dolore
1027 1932 1113 1956 esse
1144 1919 1305 1956 debeo?
1362 1919 1455 1966 Quo
1493 1932 1579 1956 sum

251 1985 409 2032 scilicet,
432 1986 508 2023 hoc
533 1984 649 2022 etiarn
676 1984 824 2022 acriore
848 1985 957 2034 quod
985 1997 1034 2021 ne
1063 1985 1196 2022 dolere
1226 1983 1388 2033 quidem
1418 1997 1579 2033 possum
1603 1999 1638 2031 ²5

296 2101 312 2129 7
338 2090 388 2120 Tu
411 2098 417 2107 ⁶
444 2091 485 2120 de
512 2090 564 2119 via
592 2094 685 2119 recta
717 2089 749 2118 in
778 2087 919 2118 hortos?
943 2088 1064 2127 YJvrrell
1094 2098 1159 2127 qna
1191 2088 1312 2118 ratione
1340 2087 1424 2117 codd.
1459 2087 1586 2127 defendi

247 2138 410 2174 possunt:
434 2133 544 2163 Tullia
562 2134 603 2163 de
621 2133 674 2162 via
693 2137 784 2162 recta
803 2132 835 2161 in
855 2133 971 2162 hortos
988 2132 1064 2162 com'.
1087 2132 1211 2162 §chatz
1297 2132 1316 2160 8
1334 2131 1477 2161 Videtur
1493 2142 1579 2162 com-

253 2178 385 2208 modius
403 2178 443 2207 ad
459 2182 512 2207 te:
540 2176 703 2216 postridie
723 2175 835 2205 Bm'tm‘
860 2174 1001 2213 Tyrrell:
1027 2175 1170 2205 Videtur
1190 2175 1408 2206 commodius,
1466 2175 1520 2205 Ad
1547 2180 1581 2205 te

255 2221 416 2260 postridie
436 2219 561 2250 Sclu'ilz
696 2229 734 2249 10
758 2219 1011 2248 constructione
1038 2218 1096 2248 M:
1137 2218 1380 2248 constrictione
1404 2217 1583 2258 Hertsberg

254 2265 384 2303 sillybis
403 2264 580 2294 Graevius:
607 2264 649 2293 sit
668 2263 757 2301 tybis
777 2262 830 2292 M¹
849 2274 856 2292 z
888 2262 915 2291 si
934 2262 1054 2291 scribis
1072 2261 1150 2292 M2:
1177 2261 1314 2299 sittybis
1335 2261 1409 2292 Vict.
1543 2262 1581 2291 18

254 2309 365 2346 aliquo
392 2309 530 2337 deorum
557 2307 608 2337 E:
643 2306 768 2344 aliquid
801 2315 916 2335 eorum
943 2304 1016 2334 M¹:
1044 2306 1183 2334 deorum
1210 2304 1262 2334 M-‘
1397 2314 1436 2333 22
1461 2304 1581 2335 frueris

256 2353 394 2381 nomine
408 2351 512 2380 Pius:
539 2350 644 2380 fueris
663 2360 778 2379 nonne
797 2347 852 2378 M:
877 2349 983 2378 uteris
1002 2349 1140 2378 nomine
1151 2348 1298 2387 Kayser:
1316 2348 1424 2378 servis
1445 2349 1581 2377 nomine

260 2393 465 2433 lVesenberg:
501 2398 534 2422 tu
561 2395 627 2423 eris
653 2393 852 2422 condicione
876 2392 975 2421 Klotz
1152 2402 1191 2430 24
1212 2392 1307 2431 prius·
1330 2402 1397 2430 quo
1414 2390 1580 2420 ENHM:

255 2448 320 2468 om.
340 2436 404 2466 ΟΡ
