1773 2651
117 841 153 862 10

115 1492 153 1513 20

116 1917 153 1948 25

592 131 703 167 EPP.
737 132 814 168 AD
845 132 1104 170 ATTICVM
1438 134 1514 170 ΙΙΙ.
1534 133 1641 170 xxiii

172 245 242 276 tur.
303 240 381 277 Sed
411 238 441 277 si
469 245 526 277 est
552 238 702 288 aliquid
732 239 770 276 in
794 253 872 289 spe,
896 239 985 277 vide
1013 241 1138 289 legem
1167 254 1284 290 quam
1307 242 1352 278 T.
1378 240 1502 279 Fadio

173 303 325 353 scripsit
358 304 552 342 Visellius.
627 306 685 342 Ea
720 305 817 343 mihi
855 306 1077 354 perplacet:
1120 319 1211 343 narn
1248 306 1346 344 Sesti
1382 305 1504 344 nostri

173 381 292 418 quam
315 377 355 407 tu
377 369 446 407 tibi
468 369 624 418 probari
645 369 781 408 scribis
803 370 899 407 mihi
920 383 1000 408 non
1022 372 1160 420 placet.

228 434 360 472 Tertia
395 442 451 472 est
486 434 653 483 epistula
684 434 808 484 pridie
845 436 940 473 Idus
976 436 1190 473 Novembr.
1224 437 1325 481 data,
1359 435 1397 473 in
1429 445 1548 485 qua5

174 499 336 548 exponis
358 500 570 549 prudenter
591 508 628 537 et
649 500 855 549 diligenter
875 513 976 549 quae
997 500 1074 538 sint
1095 514 1195 550 quae
1216 515 1297 539 rem
1319 501 1505 540 distinere

175 564 392 612 videantur,
409 566 459 603 de
481 566 633 611 Crasso,
653 567 703 604 de
726 565 928 615 Pompeio,
945 567 995 604 de
1016 567 1163 604 ceteris.
1207 567 1297 615 Qua
1318 581 1357 604 re
1378 580 1447 605 oro
1468 574 1506 604 te

175 637 226 675 ut,
268 629 298 667 si
338 643 415 678 qua
453 643 542 680 spes
577 630 647 668 erit
686 644 801 680 posse
841 630 978 669 studiis
1018 631 1228 678 bonorum,
1260 631 1502 677 auctoritate,

176 694 426 733 multitudine
462 703 687 745 comparata
726 709 807 734 rem
846 695 998 742 confici,
1036 697 1105 734 des
1145 710 1304 746 operam
1344 704 1386 734 ut
1424 710 1505 733 uno

175 759 324 810 impetu
362 760 660 811 perfringantur,
693 761 731 799 in
771 775 857 800 eam
897 775 977 799 rem
1023 761 1229 800 incumbas
1275 770 1505 811 ceterosque

174 825 329 863 excites.
389 825 470 869 Sin,
502 834 543 864 ut
576 840 648 877 ego
690 827 884 877 perspicio
923 841 1013 865 cum
1053 835 1120 865 tua
1157 827 1382 866 coniectura
1421 836 1503 865 tum

174 890 291 927 etiam
323 904 420 937 mea,
453 891 536 940 spei
566 891 662 929 nihil
692 899 760 937 est,
785 905 854 930 oro
884 892 1139 941 obtestorque
1169 900 1206 930 te
1236 900 1277 930 ut
1308 892 1503 940 Quintum

175 956 329 993 fratrem
356 969 465 994 ames
493 970 611 1006 quem
639 970 712 1007 ego
738 956 921 995 miserum
952 957 1090 996 misere
1116 957 1267 1007 perdidi
1289 971 1386 995 neve
1408 957 1504 1007 quid

175 1034 266 1058 eum
287 1021 434 1070 patiare
454 1022 607 1071 gravius
635 1023 839 1060 consulere
866 1024 916 1060 de
937 1036 977 1061 se
1005 1036 1124 1072 quam
1155 1022 1336 1072 expediat
1363 1022 1504 1060 sororis

176 1094 265 1124 tuae
305 1086 398 1133 filio,
433 1101 564 1125 meum
598 1088 832 1127 Ciceronem
867 1088 960 1138 quoi
1000 1088 1096 1125 nihil
1136 1088 1288 1126 misello
1327 1087 1506 1137 relinquo

136 1167 150 1197 ;
176 1160 326 1201 praeter
346 1152 534 1191 invidiam
562 1161 599 1191 et
626 1153 883 1203 ignominiam
911 1153 1083 1191 nominis
1112 1153 1188 1192 mei
1216 1161 1347 1191 tueare
1372 1154 1505 1202 quoad

175 1217 330 1266 poteris,
365 1219 606 1266 Terentiam,
640 1233 759 1257 unam
794 1219 972 1257 omnium
1000 1218 1397 1264 aerumnosissimam,
1428 1232 1506 1256 sus-

176 1289 301 1320 tentes
323 1282 398 1320 tuis
420 1283 566 1321 officiis.
627 1286 711 1334 Ego
732 1284 771 1322 in
794 1284 959 1334 Epirum
980 1284 1204 1334 proficiscar
1224 1297 1345 1333 quom
1367 1283 1507 1333 primo-

175 1360 258 1384 rum
290 1347 442 1385 dierum
474 1348 633 1387 nuntios
663 1362 863 1399 excepero.
923 1350 985 1386 Tu
1015 1349 1066 1386 ad
1091 1362 1154 1386 me
1178 1347 1294 1385 velim
1322 1347 1507 1397 proximis

175 1411 310 1450 litteris
341 1420 382 1451 ut
412 1426 453 1452 se
482 1413 593 1452 initia
626 1414 806 1453 dederint
839 1413 1065 1464 perscribas.
1128 1415 1230 1451 Data
1260 1412 1384 1462 pridie
1415 1413 1503 1451 Kal.

177 1478 385 1516 Decembr.

217 1612 370 1648 XXIV
505 1615 573 1648 Ser.
591 1615 796 1657 erraclziiv
811 1616 860 1648 Id.
879 1615 952 1647 Dec.
971 1627 1003 1647 a.
1025 1616 1088 1656 696
1102 1616 1186 1656 (58).

595 1695 771 1726 CICERO
796 1694 969 1725 ATTICO
995 1694 1091 1725 SAL.

228 1773 358 1810 Antea
378 1785 500 1821 quom
517 1773 567 1810 ad
585 1786 647 1810 me
668 1771 918 1822 scripsissetis
934 1779 1062 1809 vestro
1083 1783 1279 1809 consensu
1297 1770 1504 1808 consulum
1524 1777 1541 1804 1

176 1835 394 1885 provincias
425 1845 581 1874 ornatas
611 1850 709 1879 esse,
739 1836 810 1874 etsi
841 1836 1001 1874 verebar
1030 1849 1217 1885 quorsum
1253 1835 1292 1873 id
1324 1848 1505 1872 casurum

176 1909 287 1947 esset,
319 1909 451 1940 tamen
481 1902 687 1951 sperabam
717 1915 786 1940 vos
815 1901 964 1951 aliquid
996 1900 1210 1950 aliquando
1244 1900 1387 1938 vidisse
1421 1913 1507 1948 pru-

176 1965 358 2013 dentius3
387 1974 525 2015 postea
545 1980 663 2016 quam
690 1966 785 2003 mihi
806 1974 843 2004 et
871 1966 1020 2004 dictum
1042 1973 1099 2003 est
1121 1973 1158 2003 et
1186 1964 1372 2014 scriptum
1394 1966 1506 2002 vehe-

177 2038 327 2068 menter
359 2031 566 2069 consilium
602 2039 772 2069 vestrum
812 2030 1056 2080 reprehendi,
1089 2043 1175 2068 sum
1207 2029 1371 2080 graviter
1402 2043 1506 2067 com-

177 2103 318 2142 motus,
342 2098 449 2146 quod
480 2097 544 2134 illa
570 2097 653 2146 ipsa
682 2110 770 2146 spes
798 2096 935 2146 exigua
964 2110 1065 2146 quae
1093 2104 1172 2134 erat
1200 2095 1395 2133 videretur
1421 2108 1506 2132 esse

176 2161 338 2199 sublata.
402 2163 505 2199 Nam
534 2161 563 2199 si
590 2161 734 2200 tribuni
762 2163 811 2210 pl.
843 2161 957 2199 nohis
985 2168 1226 2205 suscensent,
1250 2173 1351 2209 quae
1378 2167 1508 2209 potest

220 2276 238 2295 2
263 2265 422 2296 Visellius
447 2266 626 2296 Asccnsins
654 2265 712 2300 fd.
737 2276 747 2295 1
781 2278 786 2295 :
825 2266 862 2296 T.
886 2265 1042 2295 Visellius
1072 2264 1160 2295 codd.
1318 2274 1339 2302 9
1365 2263 1505 2302 perfrin-

177 2313 300 2347 gantur
317 2309 337 2338 I
355 2308 542 2349 lVesenberg
557 2322 563 2339 2
597 2314 685 2339 -atur
702 2308 761 2339 M:
794 2310 871 2339 -atis
889 2308 968 2339 coni.
988 2308 1072 2338 Reid
1206 2318 1242 2337 12
1267 2307 1345 2346 quid
1365 2317 1440 2337 eum
1457 2306 1506 2336 E:

176 2353 313 2391 quidem
334 2352 480 2382 OHNM
613 2363 649 2391 15
676 2357 791 2382 tueare
813 2352 930 2383 Adam:
957 2357 1051 2381 tuere
1070 2351 1158 2381 codd.
1299 2361 1336 2389 19
1362 2356 1396 2380 ut
1412 2350 1507 2380 initia

178 2395 360 2426 ceciderint
378 2396 464 2426 Reid
478 2396 543 2427 coll.
566 2407 615 2434 24.
634 2407 652 2425 2
787 2397 827 2425 28
852 2396 1024 2426 videretur
1041 2394 1160 2425 Lamb.
1181 2405 1186 2423 ε
1212 2394 1344 2424 videtur
1362 2393 1400 2423 M
