1732 2661
190 153 251 190 I.i
612 157 666 193 M.
699 157 867 193 TVLLI
900 157 1206 195 CICERONIS

241 271 283 301 ut
304 272 429 303 totum
457 265 704 314 gymnasium
730 267 812 303 eius
844 267 1014 316 ἀνάθημα
1043 280 1128 304 esse
1152 267 1338 305 videatur.
1400 269 1573 305 Multum

242 336 278 366 te
298 342 486 367 amamus.

282 447 330 481 II
526 451 592 482 So:
614 451 740 482 Romae
753 453 855 492 paulo
867 458 942 493 post
957 459 1002 494 cp.
1025 466 1040 484 ι
1059 465 1089 485 a.
1113 455 1176 493 689
1196 453 1276 495 (65).

649 540 823 569 CICERO
850 541 882 570 Α
895 541 1032 571 TTICO
1059 541 1164 571 SAL.

203 643 220 670 1
294 629 335 665 L.
375 628 477 666 Iulio
519 631 699 675 Caesare,
737 630 780 667 C.
819 629 970 667 Marcio
1006 629 1144 679 Figulo
1183 630 1411 668 consulibus
1452 628 1609 672 filiolo5

239 706 302 731 me
339 701 499 730 auctum
540 693 638 731 scito
670 695 776 731 salva
810 694 1006 732 Terentia.
1080 695 1164 732 Abs
1196 702 1233 732 te
1268 703 1346 733 tam
1378 694 1445 733 diu
1476 694 1573 731 nihil

238 758 474 796 litterarum!
546 760 630 808 Ego
665 760 715 797 de
751 758 848 797 meis
880 760 930 797 ad
970 767 1007 797 te
1042 759 1258 798 rationibus
1290 759 1426 809 scripsi
1457 768 1573 797 antea

238 824 454 874 diligenter.
516 826 609 863 Hoc
630 832 808 875 tempore
831 825 1042 865 Catilinam
1065 826 1365 875 competitorem
1394 833 1571 863 nostrum

237 890 451 928 defendere
491 890 720 939 cogitamus.
800 890 958 929 Iudices
998 891 1191 929 habemus
1226 904 1326 940 quos
1361 890 1570 937 voluimus,

237 968 391 992 summa
429 955 666 993 accusatoris
706 958 917 994 voluntate.
997 958 1130 1005 Spero,
1172 956 1202 994 si
1241 956 1446 993 absolutus
1485 956 1565 1002 erit,
1594 976 1631 996 10

237 1020 548 1059 coniunctiorem
585 1020 694 1058 illum
730 1021 845 1059 nobis
882 1023 963 1059 fore
998 1021 1037 1058 in
1073 1021 1223 1059 ratione
1254 1020 1478 1071 petitionisg
1508 1021 1567 1059 sin

192 1098 215 1123 2
235 1085 345 1123 aliter
379 1085 576 1131 acciderit,
611 1085 834 1124 humaniter
866 1088 1045 1124 feremus.
1123 1087 1213 1124 Tuo
1247 1087 1419 1123 adventu
1452 1085 1566 1123 nobis

236 1164 335 1200 opus
357 1158 415 1188 est
440 1158 618 1197 matur03
648 1165 738 1189 nam
762 1165 918 1201 prorsus
939 1164 1095 1188 summa
1116 1150 1323 1188 hominum
1345 1158 1403 1187 est
1430 1149 1566 1200 opinio

236 1223 323 1253 tuos
358 1215 556 1253 familiaris
591 1215 735 1254 nobilis
767 1215 949 1253 homines
983 1215 1225 1253 adversarios
1258 1214 1398 1252 honori
1431 1222 1565 1252 nostro

236 1282 327 1319 fore.
387 1283 451 1320 Ad
473 1296 608 1319 eorum
632 1283 874 1319 voluntatem
899 1280 993 1318 mihi
1022 1280 1312 1318 conciliandam
1335 1279 1507 1317 maximo
1528 1287 1565 1318 te
1587 1293 1623 1325 15

235 1346 330 1384 mihi
360 1346 446 1384 usui
478 1348 560 1385 fore
592 1347 718 1385 video.
779 1348 870 1396 Qua
901 1360 941 1384 re
974 1346 1157 1385 Ianuario
1178 1359 1323 1391 mense,
1353 1353 1395 1383 ut
1426 1345 1566 1383 consti-

234 1411 350 1458 tuisti,
375 1425 467 1450 cura
487 1419 528 1449 ut
551 1413 704 1450 Romae
725 1411 786 1449 sis.

276 1539 350 1574 ῙῙῙ
638 1542 707 1573 Ser.
727 1543 854 1572 Romae
869 1553 915 1573 cx.
936 1553 966 1572 a.
986 1543 1050 1581 687
1069 1546 1124 1581 &⁶7
1144 1565 1150 1573 .

637 1631 808 1662 CICERO
833 1631 864 1660 Α
878 1631 1014 1662 TTICO
1038 1630 1144 1662 SAL.

194 1736 211 1762 1
286 1721 426 1759 Aviam
462 1729 569 1760 tuam
605 1721 703 1759 scito
728 1721 925 1759 desiderio
953 1721 1008 1759 tui
1041 1728 1235 1758 mortuam
1267 1733 1351 1758 esse
1381 1727 1418 1758 et
1446 1720 1560 1758 simul
1585 1735 1622 1756 20

230 1788 339 1836 quod
368 1786 488 1825 verita
517 1786 565 1824 sit
596 1800 645 1824 ne
678 1786 841 1824 Latinae
875 1786 914 1823 in
945 1786 1074 1824 officio
1107 1799 1186 1823 non
1222 1792 1424 1823 manerent
1454 1792 1491 1823 et
1521 1785 1560 1823 in

230 1860 406 1890 montem
432 1853 632 1890 Albanum
663 1852 810 1890 hostias
840 1866 919 1890 non
950 1853 1204 1889 adducerent.
1265 1850 1359 1887 Eius
1388 1849 1441 1887 rei
1471 1864 1561 1887 con-

185 1927 210 1954 2
229 1916 461 1955 solationem
483 1918 533 1954 ad
555 1925 592 1955 te
618 1919 657 1954 L.
683 1917 883 1955 Saufeium
907 1916 1115 1954 missurum
1137 1929 1221 1953 6556
1241 1914 1414 1952 arbitror.
1475 1915 1560 1952 Nos

229 1981 292 2019 hic
331 1989 368 2019 te
406 1983 456 2019 ad
496 1995 673 2020 mensem
716 1981 943 2019 Ianuarium
983 1987 1254 2030 exspectamus
1300 1993 1345 2016 ex
1384 1979 1557 2027 quodam

228 2060 383 2084 rumore
402 2060 452 2084 an
474 2060 520 2084 ex
540 2046 675 2084 litteris
698 2046 773 2084 tuis
795 2047 845 2084 ad
873 2046 969 2083 alios
992 2045 1117 2082 missis
1137 2059 1143 2087 ;
1173 2057 1263 2081 narn
1284 2044 1334 2081 ad
1357 2057 1418 2081 me
1439 2044 1489 2081 de
1510 2058 1557 2082 eo
1581 2060 1615 2091 25

274 2161 285 2180 1
314 2152 386 2181 eius
409 2150 551 2190 ἀνάθημα
570 2150 715 2181 Scln'ilaz
749 2152 817 2181 eiut
845 2155 988 2181 αναΘιηει
1014 2149 1069 2181 M:
1105 2149 1169 2179 eliu
1195 2149 1359 2178 onaolima
1388 2147 1430 2177 C:
1464 2146 1556 2185 ἡλίου

226 2194 372 2233 ἀνάθημα
404 2196 515 2235 vulg:
558 2195 641 2224 deae
675 2194 819 2232 ἀνάθημα
855 2193 998 2224 Gzrrlill:
1037 2191 1129 2231 ἡλίου
1160 2191 1287 2228 ἄναμμα
1318 2192 1397 2221 coni.
1437 2190 1559 2229 Zi’rrcll

226 2248 244 2275 5
266 2241 340 2277 post
363 2239 558 2268 consulibus
582 2238 657 2269 add.
685 2237 874 2276 designatis
898 2236 1060 2273 Schmidt,
1077 2236 1158 2275 sort.
1187 2239 1261 2265 recle
1285 2245 1359 2264 cum
1386 2234 1510 2264 Caesar
1529 2238 1557 2262 et

225 2281 367 2321 Fzgulus
394 2282 517 2318 suerint
541 2282 687 2311 consules
715 2281 798 2311 anni
821 2282 884 2318 690
912 2281 999 2319 (64).
1042 2279 1188 2309 Nomina
1214 2278 1384 2308 consulum
1410 2281 1479 2307 tant
1506 2277 1557 2307 l11'c

225 2335 329 2363 quam
348 2325 506 2364 adfinem
524 2330 591 2364 epp.
612 2336 658 2362 12,
681 2335 724 2363 15,
743 2326 792 2363 18,
815 2324 870 2354 ubi
892 2324 1001 2354 solum
1029 2326 1143 2363 (neque
1166 2322 1256 2358 alilu)
1283 2321 1425 2351 consules
1448 2321 1552 2350 nomi-

225 2372 354 2397 uantur
377 2372 414 2397 ut
435 2368 591 2406 epistulae
606 2368 701 2398 dulae
723 2372 851 2407 tcmpus
874 2367 1039 2398 indicetur.
1059 2377 1163 2396 manu
1185 2365 1348 2394 recentiore
1363 2363 1473 2394 addita
1490 2374 1554 2394 esse

223 2412 410 2451 suspicatur
425 2411 546 2441 Gurlz'lt
678 2422 698 2450 9
722 2411 889 2441 voluimus
906 2415 934 2440 Δ
954 2410 1040 2440 Crat.
1061 2421 1067 2439 :
1091 2409 1244 2439 volumus
1263 2411 1286 2439 Σ
