1732 2661
731 150 1052 187 PRAEFATIO

227 257 419 305 gesimum
440 271 587 295 annum
608 271 645 308 p.
663 258 706 297 C.
726 272 778 305 n.‚
802 271 996 307 nusquam
1009 240 1286 308 ‘Epistularum
1307 262 1358 298 ad
1381 263 1555 299 Atticum

227 321 454 360 testimonio
482 322 618 360 nititur
647 336 696 361 ne
727 322 795 360 ubi
824 324 986 373 quidem
1017 324 1186 363 maxime
1215 338 1314 375 opus
1345 327 1475 374 erat¹3
1518 335 1555 365 et

226 386 336 424 locus
356 385 396 424 in
417 388 591 425 Senecae
610 389 768 437 dialogo
789 402 824 426 x.
843 400 862 437 5
882 401 928 426 ex
948 387 1115 438 epistula
1135 390 1185 427 ad
1206 389 1351 428 Axium
1371 392 1552 438 adfertur,

227 457 268 488 ut
289 451 365 488 iam
388 451 544 500 Lipsius
560 452 668 498 vidit,
688 466 768 490 non
788 466 836 490 ex
857 452 1024 502 epistula
1038 455 1090 491 ad
1107 454 1283 492 Atticum
1297 455 1320 493 ².
1369 456 1449 494 Sed
1466 464 1554 505 post

225 528 373 552 annum
397 515 681 565 sexagesimum
707 531 743 566 p.
766 516 811 556 C.
831 531 869 554 n.
892 519 1000 555 locos
1026 531 1073 555 ex
1094 518 1282 568 Epistulis
1305 519 1356 557 ad
1378 520 1553 558 Atticum

224 582 373 618 Seneca
392 578 415 617 i.
438 583 495 618 16.
515 592 533 629 5
553 595 560 618 :
596 594 654 619 12.
677 596 691 618 1
719 583 838 632 (Epp.
861 594 921 630 97.
945 595 994 629 4:
1029 584 1114 620 118.
1142 582 1192 633 1),
1216 583 1483 632 Quintilianus
1506 586 1551 622 ix.

228 658 286 683 10.
309 647 331 680 6
353 643 446 695 (viii.
472 658 506 694 3.
531 644 610 696 32),
632 646 842 684 Suetonius
868 645 928 684 xii.
954 649 1013 684 26.
1038 661 1056 684 2
1084 645 1152 698 (de
1174 649 1448 687 Grammaticis
1475 649 1550 700 14),

223 708 373 747 Gellius
394 708 441 747 ix.
468 721 503 759 5.
528 723 547 746 2
570 708 635 760 (iv.
659 724 693 758 9.
716 709 759 761 6)
779 712 992 760 proferunt.

276 775 443 813 Saeculo
480 783 622 824 quarto
658 776 767 813 locos
805 788 853 814 ex
892 776 1083 826 Epistulis
1121 778 1171 815 ad
1206 779 1383 816 Atticum
1418 780 1552 818 laudat

222 839 376 878 Nonius
398 853 429 878 e.
445 853 478 890 g.
502 839 539 878 ii.
567 852 597 889 7.
623 853 643 891 5
674 841 781 892 (214.
807 841 859 893 2),
881 840 929 880 iv.
958 845 1014 880 16.
1044 856 1145 880 10:
1163 844 1220 880 18.
1246 857 1265 880 2
1294 842 1375 896 (90.
1404 842 1452 895 1),
1474 844 1550 883 viii.

224 919 268 943 11
302 917 343 946 D·
376 918 398 955 3
430 903 537 957 (293-
571 905 650 957 37),
681 906 729 944 ix·
763 918 796 957 5·
832 921 850 944 2
884 906 992 956 (379-
1028 907 1079 958 2),
1111 921 1169 945 xv·
1199 922 1234 955 4·
1270 922 1288 946 2
1320 907 1427 959 (479·
1463 908 1551 959 Ι7>;

220 971 396 1020 itemque
422 970 624 1009 Charisius
645 971 721 1011 viii.
751 986 781 1010 1.
808 987 840 1019 2,
863 973 939 1010 xvi.
962 986 995 1022 3.
1024 987 1039 1010 1
1067 972 1172 1021 (192.
1198 987 1256 1022 23,
1283 987 1332 1021 24
1352 975 1411 1011 ed.
1442 974 1550 1023 Keil)

220 1044 258 1074 et
286 1036 502 1074 Diomedes
531 1038 552 1074 i.
586 1050 642 1084 14.
672 1051 694 1086 3
722 1037 830 1088 (410.
861 1037 912 1089 7).
972 1039 1045 1075 Per
1071 1037 1246 1076 medium
1273 1052 1413 1076 aevum
1441 1040 1550 1087 quod

219 1108 380 1138 vocatur
404 1100 607 1150 Epistulae
631 1103 681 1140 ad
707 1102 883 1140 Atticum
911 1116 1049 1153 parum
1069 1110 1178 1141 erant
1200 1103 1389 1153 cognitae,
1412 1104 1483 1141 sed
1503 1117 1549 1141 ex

219 1166 396 1216 catalogo
432 1165 696 1205 bibliothecae
732 1166 1085 1205 Laurisheimensis
1120 1166 1265 1204 saeculi
1301 1166 1443 1205 decimi
1479 1181 1549 1216 pro

218 1238 325 1269 certo
354 1230 545 1269 habemus
578 1231 632 1270 ibi
662 1232 878 1282 repositum
908 1245 994 1270 esse
1024 1233 1161 1269 harum
1190 1231 1457 1281 Epistularum
1486 1246 1549 1270 co-

217 1295 345 1334 dicem
380 1297 608 1346 quendam3
642 1310 723 1347 quo
757 1304 895 1347 postea
929 1297 1148 1335 Cratander
1183 1309 1276 1333 usus
1311 1304 1394 1344 est;
1436 1304 1474 1334 et
1507 1296 1547 1334 in

217 1363 392 1412 catalogo
421 1362 648 1400 monasterii
677 1362 950 1402 Cluniacensis
978 1361 1017 1398 in
1046 1363 1205 1399 saeculo
1231 1362 1482 1409 duodecimo,
1505 1370 1547 1399 ut

216 1429 377 1474 videtur,
407 1428 590 1466 confecto
618 1428 737 1465 fuisse
768 1428 975 1464 ‘volumen
1004 1427 1043 1463 in
1072 1439 1152 1475 quo
1179 1425 1431 1464 continentur
1459 1425 1548 1464 libri

216 1493 467 1542 epistolarum
486 1492 690 1532 Ciceronis
707 1494 757 1530 ad
776 1492 953 1529 Atticum
970 1490 1031 1528 xvi
1045 1491 1053 1507 ³
1070 1490 1184 1528 nobis
1200 1489 1335 1528 docuit
1351 1492 1498 1529 Delisle
1510 1493 1547 1539 43

215 1559 285 1597 sed
312 1557 555 1596 mentionem
584 1559 684 1607 Epp.
705 1559 756 1596 ad
782 1557 959 1595 Atticum
985 1570 1010 1595 a
1036 1555 1291 1605 scriptoribus
1317 1555 1437 1594 medii
1461 1556 1545 1594 aevi

215 1623 356 1660 factam
384 1635 469 1660 esse
488 1621 550 1660 vix
578 1623 812 1672 probaveris.
876 1623 1017 1671 Itaque
1042 1634 1164 1670 prope
1189 1619 1229 1657 in
1253 1620 1424 1658 tenebris
1449 1619 1546 1659 iace-

215 1687 310 1725 bant
358 1688 487 1726 donec
535 1687 673 1726 studiis
721 1687 935 1726 litterarum
980 1685 1276 1724 renascentibus
1319 1686 1479 1724 tandem
1523 1699 1545 1724 a

216 1754 422 1791 Petrarcha
452 1760 626 1802 repertae
657 1752 797 1790 iterum
829 1752 868 1790 in
898 1753 1027 1789 lucem
1058 1758 1272 1800 emergunt.

269 1819 433 1857 Saeculo
463 1818 675 1856 undecimo
702 1819 763 1856 vel
794 1817 1034 1857 duodecimo
1061 1816 1306 1866 conscriptus
1334 1824 1392 1855 est
1419 1818 1544 1856 codex

257 1940 267 1960 ¹
294 1939 426 1970 Scilicet
443 1939 570 1970 dubitat
585 1939 633 1979 (p.
652 1941 692 1979 85
709 1940 786 1971 Or).
806 1951 884 1970 num
906 1939 1097 1970 Fenestella
1115 1944 1206 1969 recte
1223 1939 1345 1969 dixerit
1364 1938 1541 1969 Catilinam

214 1994 232 2013 a
250 1984 411 2014 Cicerone
429 1983 605 2013 defensum
625 1994 710 2022 esse,
733 1990 765 2014 et
785 1985 862 2014 dum
881 1988 1079 2023 argumenta
1104 1992 1147 2012 ex
1168 1982 1301 2012 silentio
1320 1982 1491 2012 Orationis
1509 1984 1541 2012 in

219 2027 306 2067 Toga
328 2026 477 2057 Candida
499 2027 608 2057 adfert
633 2034 745 2058 tamen
770 2028 840 2058 Att.
862 2029 880 2059 i.
902 2038 934 2058 2.
954 2037 980 2066 1,
1001 2027 1105 2057 locum
1130 2025 1375 2064 gravissimum,
1397 2026 1539 2057 omittit:

213 2070 328 2100 confer
352 2080 482 2109 quoque
507 2070 631 2102 Ascon.
661 2082 692 2110 p.
721 2073 762 2109 48
787 2082 860 2102 cum
887 2071 954 2102 Art.
983 2071 1024 2102 iv.
1051 2079 1083 2108 3.
1107 2079 1127 2108 3
1152 2069 1214 2099 etsi
1243 2079 1307 2098 vox
1338 2074 1442 2108 nuper
1466 2080 1540 2099 cum

212 2114 321 2144 verbis
345 2113 442 2154 longo
466 2114 635 2144 intervallo
663 2120 855 2154 comparata
887 2115 918 2144 in
947 2114 1110 2144 Oratione
1132 2118 1194 2152 pro
1216 2112 1339 2142 Milone
1360 2122 1401 2150 37
1426 2118 1540 2143 vetare

212 2158 345 2187 videtur
363 2168 404 2187 ne
423 2159 464 2187 ad
483 2169 608 2188 annum
629 2160 692 2197 698
712 2159 783 2198 (57)
803 2159 886 2188 haec
903 2159 953 2188 vis
971 2157 1068 2187 Clodi
1087 2156 1262 2186 referatur.

255 2200 267 2219 ²
294 2200 377 2230 Nam
394 2201 465 2231 Att.
485 2202 552 2233 xiii.
574 2213 625 2241 31.
647 2213 666 2242 3
684 2203 747 2233 alio
766 2207 910 2241 spectat,
931 2201 991 2231 etsi
1012 2200 1110 2230 habet
1128 2210 1243 2229 vocem
1262 2199 1430 2229 semiliber.

254 2243 266 2262 ³
291 2243 420 2283 August
439 2245 635 2275 Wilmanns
653 2246 722 2275 Der
742 2245 888 2285 Kalalog
907 2244 964 2274 de»
982 2243 1142 2274 Lorsclzer
1161 2242 1456 2272 Klosterbibliothek
1476 2253 1540 2272 aus

211 2287 283 2317 clem
315 2289 449 2318 zelznten
480 2289 714 2327 Jalzrlumdert
745 2290 776 2318 in
810 2288 1058 2318 ‘Rheinisches
1092 2286 1271 2325 Museum7’
1302 2286 1395 2317 xxiii.
1423 2286 1537 2325 (1868)

211 2341 242 2370 p.
262 2332 324 2370 389
342 2331 363 2362 f.
383 2343 426 2371 30
445 2342 470 2363 r.
490 2344 518 2370 4.
933 2375 936 2380 Ι
999 2373 1005 2379 ,
1148 2374 1152 2378 ¹
1375 2372 1393 2377 ..

252 2374 264 2392 ⁴³
288 2374 334 2403 Le
351 2376 472 2405 cabinet
486 2375 539 2405 des
553 2376 753 2405 manuscrits
766 2375 804 2404 de
816 2375 847 2405 ln
861 2375 1067 2413 br'blzollzeque
1081 2372 1253 2412 natzonale,
1267 2371 1361 2403 Tom.
1374 2383 1403 2407 u,
1418 2382 1448 2411 p.
1463 2373 1535 2411 478,

212 2428 264 2448 no.
286 2428 358 2457 492.
412 2418 461 2448 De
480 2423 589 2448 aetate
607 2419 747 2457 catalogi
765 2419 805 2448 cs.
825 2429 858 2457 p.
878 2419 950 2456 458,
