1773 2651
144 534 160 565 5

123 860 162 882 10

124 1189 160 1220 15

124 1515 162 1536 20

591 152 702 188 EPP.
736 152 813 188 AD
844 152 1105 190 ATTICVM
1462 150 1529 186 IV.
1549 148 1594 185 iii

182 274 277 311 pum
304 261 357 300 ire
385 275 465 300 non
492 270 550 300 est
573 276 701 300 ausus.
763 262 862 301 Milo
882 262 1095 312 permansit
1115 263 1166 300 ad
1188 262 1390 300 meridiem
1412 260 1510 299 miri-

182 327 256 364 fica
289 327 496 365 hominum
526 327 672 366 laetitia
705 341 859 366 summa
888 342 978 366 cum
1008 327 1141 377 gloria.
1201 327 1416 367 Contentio
1442 328 1511 364 fra-

182 399 284 429 trum
314 391 431 430 trium
461 392 594 442 turpis,
618 394 739 430 fracta
768 392 834 439 vis,
867 400 1119 442 contemptus
1150 393 1265 430 furor.
1325 392 1511 429 Metellus

181 463 313 494 tamen
348 458 520 506 postulat
555 464 597 494 ut
636 457 709 494 sibi
743 465 900 506 postero
939 457 1004 495 die
1042 457 1082 494 in
1115 457 1200 495 foro
1230 456 1512 503 obnuntietur3

182 520 279 558 nihil
300 535 385 559 esse
411 523 520 571 quod
541 521 580 559 in
602 535 786 571 campum
811 530 928 559 nocte
949 521 1168 568 veniretur3
1197 534 1238 559 se
1266 522 1361 559 hora
1388 520 1513 570 prima

182 586 222 623 in
254 586 414 624 comitio
449 588 540 624 fore.
602 589 742 636 Itaque
772 595 863 625 ante
895 587 1001 625 diem
1035 599 1079 624 xl
1114 588 1203 624 Kal.
1237 586 1276 624 in
1308 585 1512 624 comitium

184 651 284 690 Milo
314 653 364 690 de
394 660 511 690 nocte
538 653 655 690 venit.
717 654 903 691 Metellus
933 666 1024 690 cum
1053 652 1178 702 prima
1204 653 1292 690 luce
1313 651 1444 689 furtim
1473 650 1512 688 in

183 730 367 766 campum
398 716 601 754 itineribus
629 731 750 766 prope
771 716 894 755 deviis
922 717 1125 755 currebat:
1155 715 1384 766 adsequitur
1413 714 1513 753 inter

183 784 292 820 lucos
319 783 523 821 hominem
553 783 663 829 Milo,
688 783 908 821 obnuntiat.
970 784 1042 820 Ille
1067 796 1108 820 se
1137 781 1283 832 recepit
1311 794 1454 831 magno
1475 787 1512 819 et

182 847 284 897 turpi
317 849 364 897 Q.
401 848 531 886 Flacci
565 848 756 887 convicio.
829 850 934 887 Ante
968 848 1075 886 diem
1109 859 1137 886 Χ
1174 849 1263 886 Kal.
1296 846 1508 886 nundinae.

181 913 327 952 Contio
349 913 472 951 biduo
492 915 609 951 nulla.

234 981 339 1017 Ante
374 978 480 1016 diem
520 991 594 1016 vm
632 981 720 1018 Kal.
758 980 855 1018 haec
891 993 964 1029 ego
999 979 1219 1018 scribebam
1255 980 1351 1017 hora
1383 977 1555 1025 noctis5

181 1058 297 1082 nona.
358 1044 459 1082 Milo
488 1058 674 1094 campum
701 1044 778 1082 iarn
804 1045 976 1083 tenebat.
1035 1046 1247 1083 Marcellus
1277 1043 1511 1083 candidatus

182 1109 235 1147 ita
273 1110 458 1148 stertebat
492 1117 535 1147 ut
570 1124 642 1160 ego
676 1109 828 1148 vicinus
866 1110 1054 1148 audirem.
1115 1110 1233 1150 Clodi
1273 1109 1510 1148 vestibulum

181 1188 349 1212 vacuum
366 1188 459 1212 sane
475 1174 572 1212 mihi
592 1174 859 1222 nuntiabatur,
875 1174 991 1224 pauci
1007 1174 1185 1224 pannosi,
1204 1174 1307 1213 linea
1322 1176 1508 1213 lanterna.

183 1241 279 1276 Meo
299 1238 465 1277 consilio
485 1238 620 1277 onmia
648 1238 702 1277 illi
730 1239 811 1278 fieri
831 1240 1096 1289 querebantur
1117 1239 1238 1289 ignari
1259 1247 1450 1289 quantum
1472 1239 1510 1277 in

182 1303 248 1342 illo
282 1305 401 1342 heroe
435 1311 537 1342 esset
567 1303 700 1350 animi,
737 1312 929 1353 quantum
964 1303 1082 1342 etiam
1116 1303 1268 1343 consili.
1328 1303 1512 1342 Miranda

182 1369 302 1407 virtus
323 1377 393 1408 est.
452 1370 568 1407 Nova
597 1370 793 1419 quaedam
814 1369 948 1407 divina
977 1368 1115 1416 mitt03
1149 1370 1219 1407 sed
1240 1370 1337 1407 haec
1358 1382 1513 1406 summa

182 1442 250 1473 est.
293 1434 466 1474 Comitia
481 1436 563 1473 fore
584 1448 665 1472 non
681 1434 872 1481 arbitron:
901 1448 1010 1472 reum
1034 1433 1229 1481 Publium,
1247 1433 1319 1471 nisi
1340 1441 1431 1472 ante
1451 1448 1513 1472 oc-

183 1500 286 1539 cisus
303 1500 383 1547 erit,
403 1502 484 1539 fore
500 1514 523 1538 a
540 1500 693 1538 Milone
710 1507 806 1550 puto
824 1514 832 1546 ;
859 1499 889 1537 si
907 1513 948 1537 se
969 1499 1009 1537 in
1026 1500 1139 1538 turba
1160 1499 1195 1537 ei
1216 1499 1293 1537 iam
1315 1498 1509 1545 obtulerit,

183 1565 358 1604 occisum
380 1565 424 1603 iri
444 1566 494 1604 ab
515 1564 601 1615 ipso
624 1564 778 1603 Milone
798 1564 926 1602 video.
970 1565 1063 1602 Non
1084 1563 1239 1602 dubitat
1260 1565 1396 1610 facere,
1420 1577 1512 1613 prae

182 1644 223 1668 se
252 1632 349 1678 fert3
378 1644 513 1669 casum
534 1629 643 1668 illum
674 1636 851 1668 nostrum
881 1642 962 1667 non
993 1628 1222 1667 extimescit.
1282 1630 1512 1678 Numquam

182 1696 287 1734 enirn
320 1696 552 1746 cuiusquam
587 1695 709 1734 invidi
743 1703 781 1734 et
812 1694 951 1745 perfidi
983 1694 1148 1733 consilio
1180 1702 1238 1733 est
1269 1708 1408 1733 usurus
1438 1708 1513 1733 nec

183 1761 295 1799 inerti
316 1761 440 1800 nobili
461 1761 690 1800 crediturus.

238 1828 322 1865 Nos
361 1827 494 1865 animo
526 1828 729 1865 dumtaxat
762 1826 938 1876 vigemus
973 1825 1090 1864 etiam
1126 1825 1248 1875 magis
1279 1839 1394 1874 quam
1421 1839 1511 1863 cum
1531 1827 1559 1864 6

183 1893 430 1939 florebamus,
465 1907 504 1930 re
535 1892 713 1930 familiari
745 1891 978 1930 comminuti
1010 1904 1155 1928 sumus.
1217 1890 1355 1939 Quinti
1389 1890 1512 1928 fratris

183 1964 315 1995 tamen
345 1957 565 1995 liberalitati
600 1971 670 2007 pro
704 1956 955 1994 facultatibus
990 1955 1143 2002 nostris,
1172 1969 1222 1993 ne
1256 1955 1420 1993 omnino
1454 1968 1514 1992 ex-

182 2022 344 2059 haustus
374 2035 512 2068 essem,
535 2021 601 2059 illo
622 2029 826 2059 recusante
853 2020 1037 2058 subsidiis
1063 2020 1280 2058 amicorum
1305 2020 1515 2069 responde-

226 2136 246 2163 9
272 2125 380 2165 lucos]
401 2126 484 2156 duos
503 2125 595 2155 lucos
617 2124 806 2165 lVesenbetg
821 2124 887 2155 coll.
908 2124 958 2154 De
971 2124 1046 2154 Dz'v.
1060 2124 1092 2154 ii.
1106 2134 1157 2161 40.
1179 2122 1251 2153 Liv.
1272 2123 1291 2153 i.
1308 2123 1336 2153 8.
1358 2133 1397 2161 5:
1423 2122 1515 2152 vicos

181 2168 311 2206 jordan
500 2177 538 2206 15
578 2167 677 2206 pauci
716 2167 763 2197 F:
804 2167 920 2206 paucis
951 2166 990 2196 M
1025 2166 1100 2197 Vz'ct.
1241 2167 1403 2206 pannosis
1437 2166 1512 2197 Vict.

184 2212 275 2242 linea
292 2211 449 2242 lanterna
468 2212 588 2242 Bost'us
605 2223 611 2242 ι
635 2211 709 2241 sine
727 2210 906 2241 alanterna
924 2210 965 2240 Μ
1100 2211 1138 2240 18
1162 2213 1236 2240 ante
1253 2210 1367 2239 divina
1383 2209 1458 2239 add.
1476 2220 1514 2239 ac

183 2255 271 2285 Reid
399 2266 441 2285 20
467 2255 494 2285 si
511 2265 548 2285 se
567 2255 599 2284 in
619 2255 715 2284 turba
733 2254 763 2283 ei
781 2254 844 2284 iam
862 2254 983 2284 Klotz:
1009 2254 1036 2283 si
1054 2263 1091 2283 se
1109 2253 1156 2283 uti
1175 2253 1293 2283 turbae
1310 2254 1375 2282 iam
1387 2247 1512 2283 NCZb:

183 2299 212 2328 si
234 2299 381 2329 sentitur
403 2299 510 2329 veiam
538 2298 596 2327 M:
621 2298 650 2328 si
677 2307 714 2327 se
738 2298 770 2326 in
798 2297 894 2327 turba
917 2297 947 2326 ei
968 2297 1099 2326 obviam
1124 2296 1202 2327 coni.
1231 2296 1346 2326 Baiter
1473 2306 1514 2334 23

184 2351 305 2372 usurus
323 2341 422 2372 Klotz
438 2353 443 2372 z
470 2352 550 2372 usus
567 2340 658 2372 codd.
792 2350 832 2380 25
857 2350 956 2379 quam
970 2340 1046 2370 add.
1065 2339 1151 2380 vulg.
1276 2349 1316 2378 27
1342 2338 1401 2379 ne]
1420 2343 1454 2369 et
1471 2349 1514 2369 ne

189 2383 376 2425 Wesenberg
515 2386 557 2414 28
582 2384 822 2423 respondimus
839 2384 937 2414 Klotz

1396 2443 1437 2473 8*
