1773 2651
619 199 730 235 EPP.
764 198 840 234 AD
872 196 1131 235 ATTICVM
1384 195 1501 232 VIII.
1526 194 1625 230 xiiA

199 310 250 347 ad
283 311 323 345 P.
348 310 504 357 Lupum
535 315 572 346 et
602 308 646 346 C.
675 306 901 356 Coponium
933 313 1129 355 praetores
1160 304 1246 342 misi
1277 312 1318 342 ut
1351 318 1391 342 se
1420 304 1532 341 vobis

201 374 483 424 coniungerent
504 381 540 412 et
563 372 729 411 militum
752 374 860 422 quod
881 372 1070 410 haberent
1091 373 1141 410 ad
1162 384 1231 409 vos
1252 371 1504 409 deducerent.

846 534 889 570 B.

433 638 502 670 διν.
521 637 674 669 Luceriae
691 638 727 668 1'1'1'
740 637 895 678 aztlpm'd.
916 637 967 668 Id.
985 637 1072 668 Febr.
1092 647 1120 667 a.
1143 647 1196 676 70]
1216 637 1302 676 (49).

163 732 180 764 5
282 728 351 759 CN.
380 727 575 759 MAGNVS
603 727 800 758 PROCOS.
829 727 862 757 S.
891 726 929 756 D.
960 727 995 758 L.
1026 725 1225 756 DOMITIO
1252 723 1449 755 PROCOS.

255 806 382 843 Valde
414 805 532 843 miror
565 813 603 843 te
631 806 683 843 ad
713 818 775 843 me
805 804 902 841 nihil
937 803 1105 841 scribere
1135 810 1173 841 et
1202 802 1333 852 potius
1366 802 1416 840 ab
1448 801 1533 839 aliis
1553 811 1570 837 1

201 884 319 920 quam
340 884 363 908 a
389 878 426 908 te
451 872 501 908 de
528 884 566 908 re
593 869 751 920 publica
776 883 838 907 me
868 868 1073 906 certiorem
1104 867 1195 905 fieri.
1256 869 1341 905 Nos
1371 866 1534 904 disiecta

201 949 319 973 manu
350 949 461 985 pares
490 934 711 973 adversario
741 948 826 972 esse
853 948 933 972 non
961 946 1199 983 possumus3
1228 931 1437 970 contractis
1467 945 1534 969 no-

201 1000 286 1037 stris
325 1001 448 1050 copiis
481 1014 594 1051 spero
633 1014 705 1038 nos
737 1008 775 1038 et
809 999 861 1038 rei
901 999 1082 1049 publicae
1114 1006 1151 1036 et
1186 997 1388 1036 communi
1419 996 1534 1035 saluti

145 1083 183 1104 10
202 1068 388 1116 prodesse
427 1080 553 1116 posse.
632 1067 763 1114 Quam
809 1066 861 1104 ob
907 1079 987 1103 rem
1034 1078 1124 1102 cum
1171 1063 1450 1109 constituisses,
1492 1073 1534 1100 ut

202 1130 398 1168 Vibullius
433 1131 529 1168 mihi
568 1131 782 1180 scripserat,
813 1144 846 1168 a.
878 1131 914 1168 d.
949 1141 973 1166 V
1005 1130 1063 1167 Id.
1098 1129 1208 1167 Febr.
1240 1127 1416 1167 Corfinio
1450 1141 1535 1177 pro-

203 1195 322 1233 ficisci
357 1209 447 1233 cum
479 1195 649 1234 exercitu
680 1203 717 1233 et
751 1196 802 1233 ad
834 1208 897 1232 me
931 1193 1073 1240 venire,
1107 1193 1225 1230 miror
1259 1192 1354 1242 quid
1393 1205 1534 1230 causae

201 1261 313 1299 fuerit
348 1275 425 1311 qua
464 1276 504 1300 re
542 1261 750 1300 consilium
786 1260 956 1298 mutaris.
1018 1261 1122 1297 Nam
1157 1258 1221 1296 illa
1259 1271 1376 1296 causa
1415 1271 1533 1307 quam

202 1329 297 1366 mihi
319 1329 516 1366 Vibullius
546 1328 679 1366 scribit
706 1327 800 1366 levis
830 1335 899 1375 est,
923 1335 960 1365 te
990 1334 1195 1376 propterea
1225 1333 1419 1363 moratum
1450 1338 1534 1362 esse

147 1409 182 1440 15
202 1395 309 1443 quod
348 1393 518 1431 audieris
563 1394 772 1431 Caesarem
816 1391 948 1429 Firmo
987 1403 1233 1441 progressum
1273 1389 1313 1426 in
1352 1392 1534 1428 Castrum

202 1458 463 1496 Truentinum
495 1457 658 1496 venisse.
719 1458 881 1505 Quanto
919 1455 1025 1494 enim
1060 1454 1181 1504 magis
1219 1454 1535 1504 appropinquare

201 1523 443 1562 adversarius
482 1523 612 1573 coepit
658 1536 705 1561 eo
744 1522 814 1560 tibi
853 1521 1016 1560 celerius
1054 1521 1252 1571 agendum
1291 1527 1371 1558 erat
1417 1527 1458 1557 ut
1498 1527 1536 1557 te

203 1602 358 1626 mecum
388 1588 658 1638 coniungeres,
679 1587 784 1637 prius
814 1600 933 1636 quam
964 1587 1109 1625 Caesar
1136 1592 1203 1623 aut
1233 1593 1343 1623 tuum
1371 1584 1441 1622 iter
1468 1584 1535 1621 im-

201 1653 335 1703 pedire
363 1661 430 1691 aut
460 1666 522 1691 me
551 1654 622 1691 abs
652 1660 689 1690 te
718 1652 924 1690 excludere
954 1658 1096 1700 posset.

145 1735 183 1756 20
256 1719 387 1766 Quam
422 1718 474 1755 ob
509 1731 590 1755 rem
622 1716 740 1755 etiam
771 1723 883 1765 atque
914 1715 1027 1753 etiam
1058 1723 1095 1753 te
1125 1728 1219 1765 rogo
1249 1722 1286 1752 et
1317 1716 1460 1761 hortor,
1494 1714 1533 1753 id
1553 1725 1576 1752 2

201 1784 309 1832 quod
337 1796 417 1821 non
447 1781 579 1820 destiti
609 1781 873 1831 superioribus
900 1780 1035 1818 litteris
1058 1793 1081 1818 a
1108 1787 1145 1818 te
1175 1787 1317 1829 petere,
1340 1787 1382 1817 ut
1409 1779 1536 1830 primo

201 1861 361 1897 quoque
393 1846 456 1885 die
492 1846 698 1884 Luceriam
736 1845 951 1891 advenires,
985 1852 1076 1882 ante
1115 1858 1233 1894 quam
1267 1844 1405 1894 copiae
1439 1858 1535 1894 quas

202 1911 367 1950 instituit
399 1913 543 1951 Caesar
573 1912 802 1949 contrahere
836 1910 875 1947 in
907 1923 1030 1948 unum
1065 1911 1196 1947 locum
1226 1917 1386 1947 coactae
1415 1923 1483 1947 vos
1514 1923 1537 1947 a

202 1977 317 2015 nobis
347 1976 575 2015 distrahant.
635 1976 713 2014 Sed
744 1975 775 2013 si
805 1983 918 2014 erunt
948 1974 1015 2024 qui
1046 1982 1083 2012 te
1114 1974 1331 2024 impediant
1362 1982 1403 2012 ut
1427 1974 1536 2012 villas

145 2054 182 2086 25
202 2054 291 2079 suas
323 2048 486 2087 servent,
517 2053 689 2090 aequum
724 2047 780 2077 est
813 2053 875 2077 me
908 2053 931 2076 a
962 2047 999 2076 te
1038 2038 1245 2088 impetrare
1284 2046 1325 2076 ut
1363 2039 1535 2077 cohortis

202 2120 303 2155 quae
333 2120 379 2144 ex
409 2105 556 2144 Piceno
583 2113 621 2143 et
648 2104 859 2144 Camerino
888 2112 1089 2151 venerunt,
1114 2118 1214 2154 quae
1243 2105 1418 2142 fortunas
1446 2118 1534 2142 suas

202 2171 453 2220 reliquerunt,
473 2171 523 2208 ad
546 2184 607 2208 me
629 2169 790 2207 missum
812 2169 938 2207 facias.

248 2285 289 2304 ρο
313 2279 414 2313 atque
432 2274 531 2303 etiam
549 2273 624 2303 add.
645 2273 784 2303 Vrsmns
916 2284 956 2303 22
981 2273 1021 2303 ad
1044 2283 1096 2303 me
1115 2273 1249 2303 venires
1269 2273 1343 2303 Otto
1361 2273 1425 2303 col).
1449 2284 1483 2303 11
1497 2283 1529 2313 A,

208 2327 274 2347 12c
295 2327 319 2356 1,
334 2328 376 2355 3:
410 2317 572 2347 advenias
596 2315 747 2346 Muretus
888 2327 927 2355 27
955 2317 1092 2347 missum
1118 2317 1219 2346 facias
1246 2316 1293 2353 M,
1321 2318 1354 2347 in
1378 2317 1534 2357 Pompeio

203 2361 411 2391 tolerandum
428 2372 435 2391 :
460 2361 577 2390 missas
596 2360 699 2390 facias
718 2359 834 2390 Lumb.
854 2359 936 2390 Pius
