1773 2651
171 183 241 220 VI.
261 183 306 219 iii
635 184 690 220 M.
723 183 892 220 TVLLI
924 182 1232 221 CICERONIS

268 295 459 344 putabant
485 294 706 344 oportuisse
731 293 797 344 qui
822 295 985 332 aderant
1012 307 1074 331 me
1095 308 1176 332 non
1202 293 1415 333 instituisse
1442 294 1488 333 iis
1508 296 1601 334 dare

224 369 247 408 7
268 359 413 397 cibaria
434 373 602 409 quorum
624 372 744 409 opera
764 372 845 396 non
862 372 990 396 essem
1011 372 1114 396 usus.
1159 358 1269 397 Abiit
1291 359 1420 397 iratus.
1468 359 1600 398 Huius

268 423 476 462 nebulonis
509 424 685 462 oratione
719 423 751 461 si
791 425 935 461 Brutus
974 422 1121 461 moveri
1160 431 1301 473 potest,
1338 423 1471 462 licebit
1509 438 1600 463 eum

267 491 371 527 solus
406 503 525 537 ames,
560 503 623 527 me
661 490 862 527 aemulum
894 502 976 527 non
1009 489 1186 527 habebis.
1248 490 1326 528 Sed
1360 489 1469 527 illum
1508 503 1599 528 eum

266 555 438 592 futurum
471 568 556 592 esse
590 562 687 603 puto
719 553 786 603 qui
821 567 907 592 esse
941 555 1071 592 debet.
1145 555 1237 593 Tibi
1273 562 1406 592 tamen
1440 569 1598 594 causam
1620 565 1637 598 5

265 628 399 658 notam
421 633 505 658 esse
527 619 632 657 volui
653 628 691 657 et
711 620 762 657 ad
783 618 913 668 ipsum
941 620 1041 657 haec
1060 619 1265 670 perscripsi
1287 619 1595 670 diligentissime.

265 685 441 723 Omnino
473 684 561 735 (soli
592 684 698 723 enim
729 684 882 733 sumus)
904 686 1031 722 nullas
1061 698 1251 734 umquam
1281 687 1332 724 ad
1363 699 1426 723 me
1453 685 1598 724 litteras

264 749 367 788 misit
397 753 549 796 Brutus,
574 764 624 788 ne
655 749 832 800 proxime
852 749 1015 799 quidem
1045 751 1095 788 de
1117 749 1259 800 Appio,
1284 750 1323 788 in
1351 750 1496 800 quibus
1517 765 1598 789 non

262 815 405 854 inesset
439 817 644 866 adrogans,
678 817 936 865 ἀκοινονόητον
968 814 1129 865 aliquid.
1193 814 1285 853 Tibi
1319 823 1451 854 autem
1483 817 1597 855 valde

261 882 359 919 solet
390 880 429 918 in
458 894 525 919 ore
554 894 640 919 esse
1619 898 1658 920 10

1097 944 1266 983 Granius
1295 953 1427 984 autem

400 1013 493 1050 Non
523 1019 777 1050 contemnere
807 1025 849 1050 se
878 1019 916 1050 et
946 1024 1055 1061 reges
1085 1011 1217 1049 odisse
1247 1011 1448 1061 superbos.

265 1079 311 1115 In
351 1091 430 1127 quo
470 1086 601 1116 tamen
641 1077 705 1115 ille
744 1077 840 1115 mihi
875 1077 995 1115 risum
1031 1076 1153 1126 magis
1192 1089 1311 1126 quam
1346 1077 1594 1115 stomachum

263 1156 419 1181 movere
449 1144 557 1181 solet.
619 1144 697 1181 Sed
727 1144 844 1193 plane
873 1155 1011 1192 parum
1044 1140 1189 1191 cogitat
1224 1140 1320 1190 quid
1355 1141 1497 1179 scribat
1528 1150 1594 1180 aut

261 1209 312 1246 ad
342 1221 471 1257 quem.
1616 1222 1654 1254 15

220 1277 245 1315 8
320 1274 367 1321 Q.
401 1273 541 1312 Cicero
576 1286 672 1322 puer
702 1272 804 1323 legit,
837 1280 878 1310 ut
908 1271 1060 1321 opinor,
1096 1279 1134 1310 et
1164 1279 1278 1318 certe,
1306 1271 1513 1321 epistulam
1541 1271 1595 1310 in-

263 1338 446 1388 scriptam
468 1337 567 1387 patri
595 1351 676 1375 suo.
737 1339 845 1375 Solet
866 1337 971 1375 enirn
999 1336 1147 1386 aperire
1172 1336 1292 1386 idque
1313 1337 1363 1374 de
1391 1350 1481 1374 meo
1505 1350 1595 1374 con—

262 1402 359 1449 silio,
393 1402 424 1440 si
459 1402 554 1452 quid
589 1403 687 1440 sorte
722 1402 769 1439 sit
802 1403 910 1451 quod
940 1415 1040 1451 opus
1070 1401 1118 1439 sit
1149 1400 1246 1439 sciri.
1309 1402 1356 1438 In
1386 1414 1432 1439 ea
1460 1410 1593 1439 autem

262 1467 427 1517 epistula
458 1475 537 1505 erat
568 1467 672 1505 idem
705 1466 801 1504 illud
831 1468 882 1505 de
911 1479 1043 1504 sorore
1073 1467 1181 1515 quod
1207 1466 1259 1503 ad
1289 1479 1363 1503 me.
1424 1465 1593 1504 Mirifice

261 1533 538 1571 conturbatum
560 1531 639 1569 vidi
661 1545 837 1580 puerum.
898 1530 1126 1568 Lacrimans
1154 1543 1311 1568 mecum
1338 1537 1396 1568 est
1417 1538 1589 1579 questus.
1615 1547 1654 1568 20

262 1598 370 1647 Quid
392 1597 574 1647 quaeris?
609 1596 745 1634 miram
771 1596 810 1633 in
836 1609 883 1634 eo
908 1595 1094 1646 pietatem
1117 1594 1347 1633 suavitatem
1375 1595 1593 1633 humanita-

261 1672 420 1713 temque
452 1662 640 1712 perspexi.
702 1662 794 1710 Quo
834 1661 1023 1699 maiorem
1062 1674 1172 1711 spem
1212 1661 1341 1698 habeo
1380 1660 1477 1698 nihil
1512 1662 1593 1698 fore

261 1729 371 1767 aliter
399 1742 445 1766 ac
474 1729 623 1766 deceat.
686 1729 733 1765 Id
764 1734 801 1765 te
833 1726 946 1776 igitur
976 1726 1073 1764 scire
1103 1725 1219 1764 volui.

215 1805 243 1842 9
318 1796 379 1832 Ne
414 1793 509 1831 illud
540 1792 701 1842 quidem
732 1791 1049 1841 praetermittam.
1117 1789 1355 1828 Hortensius
1388 1790 1488 1828 filius
1520 1790 1591 1828 fuit

264 1860 483 1899 Laodiceae
514 1858 795 1910 gladiatoribus
827 1858 1016 1908 flagitiose
1055 1866 1092 1896 et
1125 1857 1296 1907 turpiter.
1358 1859 1480 1895 Hunc
1518 1871 1591 1907 ego
1612 1870 1651 1902 25

260 1925 378 1976 patris
410 1938 527 1963 causa
556 1924 692 1962 vocavi
727 1925 777 1962 ad
813 1937 951 1961 cenam
982 1936 1063 1972 quo
1094 1922 1158 1961 die
1192 1921 1309 1968 venit,
1344 1929 1381 1960 et
1413 1922 1591 1961 eiusdem

259 1990 377 2040 patris
415 2003 532 2028 causa
563 1989 659 2027 nihil
694 1989 873 2039 amplius.
936 1990 974 2026 Is
1007 1987 1102 2025 mihi
1133 1987 1228 2026 dixit
1259 2000 1299 2025 se
1329 1987 1496 2025 Athenis
1528 2001 1591 2025 me

259 2062 573 2105 exspectaturum
617 2062 658 2092 ut
699 2067 855 2091 mecum
896 2054 1115 2091 decederet.
1196 2053 1365 2090 ‘Recte'
1404 2051 1591 2101 inquam3

259 2121 355 2170 quid
377 2119 481 2158 enim
509 2119 713 2157 dicerem?
770 2117 946 2156 Omnino
974 2125 1071 2167 puto
1098 2116 1195 2154 nihil
1225 2129 1310 2154 esse
1335 2117 1443 2165 quod
1470 2116 1590 2163 dixit3

260 2187 353 2224 nolo
370 2184 543 2235 quidem,
562 2198 612 2222 ne
634 2184 833 2221 offendam
850 2190 1000 2232 patrem
1023 2195 1141 2230 quem
1164 2194 1226 2219 me
1243 2182 1400 2218 hercule
1422 2183 1589 2219 multum
1611 2192 1651 2223 30

259 2251 390 2300 diligo.
451 2250 518 2288 Sin
540 2249 653 2287 fuerit
675 2261 785 2286 meus
807 2260 951 2293 comes,
975 2246 1212 2284 moderabor
1232 2245 1284 2283 ita
1304 2259 1354 2284 ne
1375 2246 1471 2295 quid
1498 2260 1588 2285 eum

259 2317 458 2354 offendam
480 2328 598 2364 quem
620 2313 782 2351 minime
802 2314 902 2350 volo.

303 2430 321 2456 4
346 2419 439 2447 solus
461 2416 556 2446 ll'z:
581 2416 687 2445 solutn
708 2420 734 2444 Δ
856 2424 878 2453 9
901 2413 1112 2453 ἀκοινώνητον
1133 2413 1233 2453 vulg„
1254 2413 1289 2452 ‘f
1310 2413 1351 2443 vi.
1371 2423 1396 2444 1.
1420 2423 1435 2451 7
1551 2422 1589 2452 19

260 2462 347 2492 idem
367 2461 445 2491 illud
462 2459 552 2490 WE:
580 2459 659 2489 illud
677 2459 765 2488 idem
782 2463 809 2488 Δ
