1773 2651
153 169 221 207 IV.

212 446 228 472 1

205 767 228 794 2

204 1222 228 1258 3

211 1827 227 1852 1

245 169 305 204 vii
612 170 666 205 M.
700 170 867 206 TVLLI
903 169 1211 208 CICERONIS

291 275 382 309 VII
472 278 540 309 Ser.
560 279 593 308 ιἰι
612 279 776 319 Arpinati
792 291 836 309 m.
859 280 939 320 Apr.
962 283 1020 309 aut
1037 279 1118 309 Mas.
1139 290 1169 309 a.
1189 281 1254 319 698
1271 279 1359 319 (56).

668 355 842 386 CICERO
868 355 1039 386 ATTICO
1066 355 1163 386 SAL.

303 433 411 471 Nihil
452 435 704 483 εὐκαιρότερον
735 433 903 483 epistula
938 441 1003 471 tua
1043 447 1144 483 quae
1180 447 1242 472 me
1282 433 1493 472 sollicitum
1527 434 1577 471 de

248 498 400 547 Quinto
420 507 564 543 nostro,
589 512 711 548 puero
733 498 896 548 optimo,
920 499 1034 537 valde
1062 499 1213 537 levavit.
1274 501 1446 537 Venerat
1473 498 1578 537 horis

246 564 401 601 duabus
440 572 530 602 ante
571 563 833 613 Chaerippus,
872 577 978 601 mera
1017 572 1192 602 monstra
1231 563 1436 601 nuntiarat.
1517 565 1578 601 De
1600 574 1616 605 5

247 628 462 678 Apollonio
483 629 591 678 quod
613 627 762 675 scribis,
784 628 851 678 qui
879 628 933 665 illi
958 627 997 666 di
1026 628 1109 666 irati
1128 631 1134 666 1
1164 627 1316 665 homini
1339 629 1491 666 Graeco
1512 627 1579 677 qui

248 693 455 730 conturbat
486 701 604 742 atque
625 692 730 730 idem
753 700 863 742 putat
893 692 967 730 sibi
997 692 1113 731 licere
1140 694 1249 742 quod
1277 692 1474 742 equitibus
1503 693 1580 729 Ro-

250 757 384 795 manis.
446 759 550 796 Nam
571 757 780 796 Terentius
802 771 873 795 suo
895 757 986 796 iure.
1050 759 1111 795 De
1135 759 1299 796 Metello

698 826 767 874 οὒχ
796 824 883 872 ὁσίη
913 823 1162 873 φθιμένοισιν,

246 889 315 926 sed
337 896 468 926 tamen
491 888 622 926 multis
644 888 757 926 annis
778 888 872 927 civis
889 902 1008 926 nemo
1029 896 1109 927 erat
1131 896 1307 925 mortuus
1329 887 1395 937 qui
1417 887 1577 936 quidem
1601 899 1640 921 10

246 984 252 991 .
286 984 293 990 .
327 984 333 990 .
366 953 457 991 Tibi
488 953 640 991 nummi
672 967 761 992 meo
791 953 966 1004 periculo
997 953 1083 991 sint.
1146 952 1254 1001 Quid
1282 952 1387 991 enim
1408 952 1580 990 vereris?

246 1019 552 1068 Quemcumque
573 1020 759 1057 heredem
781 1018 882 1065 fecit,
903 1018 975 1056 nisi
998 1017 1182 1056 Publium
1205 1017 1306 1064 fecit,
1330 1017 1454 1055 virum
1475 1017 1577 1063 fecit,

246 1097 326 1120 non
348 1083 538 1133 improbe,
562 1097 803 1133 quamquam
825 1083 897 1121 fuit
919 1083 1012 1133 ipse.
1074 1084 1164 1132 Qua
1188 1097 1228 1121 re
1255 1083 1295 1120 in
1320 1084 1396 1121 hoc
1424 1083 1579 1120 thecam

247 1149 507 1187 nummariam
530 1162 610 1187 non
632 1149 827 1196 retexeris,
848 1149 887 1186 in
908 1149 993 1187 aliis
1015 1148 1088 1187 eris
1109 1148 1268 1187 cautior.

304 1216 397 1252 Mea
422 1216 609 1253 mandata
636 1216 686 1253 de
712 1216 834 1253 domo
865 1214 1030 1261 curabis,
1059 1214 1253 1264 praesidia
1282 1212 1442 1259 locabis,
1467 1212 1581 1251 Milo·
1604 1222 1638 1254 15

248 1293 338 1317 nem
370 1279 616 1317 admonebis.
678 1279 927 1329 Arpinatium
958 1278 1134 1317 fremitus
1164 1287 1221 1316 est
1256 1277 1496 1316 incredibilis
1530 1279 1580 1315 de

248 1344 414 1383 Laterio.
475 1344 583 1393 Quid
605 1344 789 1394 quaeris?
818 1344 1003 1394 equidem
1025 1343 1133 1382 dolui
1152 1359 1162 1391 3

651 1412 671 1447 ὃ
700 1410 738 1447 δὲ
767 1412 832 1447 οὐκ
862 1411 1044 1459 ἐμπάζετο
1073 1409 1207 1458 μύθων.

247 1476 368 1524 Quod
390 1482 576 1525 superest,
595 1474 713 1513 etiam
735 1488 900 1525 puerum
923 1473 1159 1514 Ciceronem
1180 1473 1334 1512 curabis
1356 1481 1393 1512 et
1413 1473 1576 1520 amabis,

246 1550 288 1579 ut
310 1540 414 1579 sacis.
1599 1551 1639 1572 20

285 1657 407 1692 VIII
497 1660 566 1692 Ser.
587 1662 623 1691 in
639 1661 774 1692 Antiati
790 1673 833 1693 m.
857 1662 942 1703 Apr.
959 1666 1018 1692 aul
1035 1662 1118 1693 Mai.
1140 1672 1169 1692 (ι.
1191 1662 1255 1701 698
1271 1661 1356 1702 156).

660 1739 836 1770 CICERO
862 1737 1035 1770 ATTICO
1062 1740 1159 1771 SAL.

303 1817 430 1854 Multa
447 1830 509 1854 me
527 1816 565 1854 in
583 1817 749 1866 epistula
771 1826 837 1856 tua
851 1819 1094 1857 delectarunt
1112 1818 1181 1856 sed
1198 1816 1294 1854 nihil
1316 1815 1437 1864 magis
1459 1828 1576 1865 quam

246 1881 379 1930 patina
399 1881 634 1931 tyrotarichi.
696 1884 800 1920 Nam
823 1885 873 1922 de
895 1884 1132 1921 raudusculo
1152 1882 1261 1932 quod
1283 1880 1429 1927 scribis,

454 1948 564 1997 μήπω
592 1948 675 2000 μέγ’
707 1949 809 1999 Εἴπῃς
837 1949 922 1999 πρὶν
950 1947 1209 1998 ΤΕλΕυΤήσανΤ,
1237 1947 1323 1998 ἴδῃς·
1598 1963 1636 1993 25

294 2061 309 2090 7
336 2052 514 2081 conturbat
539 2059 641 2092 atque
668 2053 753 2082 idem
780 2053 882 2084 Boot:
911 2054 1126 2084 conturbaret
1151 2053 1283 2091 quidem
1310 2050 1372 2081 ΜΖ
1396 2050 1576 2080 conturbat

249 2100 281 2124 et
312 2095 398 2124 idem
424 2095 581 2125 Bz'icheler
722 2107 760 2126 10
784 2102 938 2126 mortuus
969 2097 1026 2135 qui
1056 2097 1150 2136 &quid
1184 2095 1239 2130 M)
1264 2095 1427 2134 quidem.
1448 2119 1453 2124 .
1475 2118 1481 2124 .
1500 2098 1576 2133 aso—

247 2139 386 2177 sr'opesz's,
404 2137 487 2179 fort.
505 2139 710 2169 audiendum
738 2140 849 2170 minus
873 2144 925 2170 est
950 2140 1197 2170 desiderandus
1219 2138 1268 2168 vel
1291 2137 1386 2176 peior
1409 2137 1459 2167 vel
1474 2136 1580 2166 simile

246 2179 328 2217 quid
439 2190 476 2209 12
501 2180 756 2219 Quemcumque
774 2180 857 2212 edd:
884 2191 1106 2220 quaecunque
1123 2179 1164 2210 M
1282 2181 1443 2210 heredem
1463 2181 1579 2211 fecerit

247 2222 365 2254 Lamb.
409 2224 513 2253 virum
532 2224 669 2253 Malla-2
694 2234 810 2254 verum
831 2224 871 2253 M
960 2234 997 2262 13
1022 2224 1174 2264 improbe
1203 2234 1277 2255 corr.
1295 2224 1328 2253 in
1343 2224 1501 2263 improbil
1518 2222 1579 2254 M:

246 2266 434 2305 improbum
461 2267 481 2296 I
517 2267 638 2306 Z'vrrcll
732 2278 923 2306 quanquam
954 2267 1042 2298 edzl.:
1070 2278 1271 2307 quemquam
1302 2266 1348 2296 M.
1457 2266 1578 2297 Totum

246 2309 352 2339 locum
377 2311 421 2339 ila
445 2309 503 2339 dat
524 2310 648 2340 Miiller
664 2310 782 2349 †Quid
807 2311 943 2350 quidem
960 2310 1019 2340 tibi
1048 2312 1194 2341 nummi?
1220 2321 1295 2341 meo
1322 2310 1470 2349 periculo
1498 2310 1577 2341 sint.

246 2352 334 2390 Quid
361 2354 450 2383 enim
476 2354 625 2384 vereris?
652 2354 896 2392 Quemcunque
920 2354 1082 2384 heredem
1108 2354 1196 2394 fecit,
1219 2355 1283 2384 nisi
1304 2353 1458 2384 Publium
1486 2353 1574 2391 fecit,

245 2396 355 2425 virum
373 2396 450 2426 fecit
469 2407 535 2426 non
552 2398 803 2435 improbiorem,
817 2407 913 2436 quam
932 2397 994 2426 fuit
1008 2397 1080 2436 ipse
1218 2408 1255 2436 14
1282 2397 1367 2430 nonl
1382 2407 1482 2436 quom
1496 2407 1574 2427 com.

246 2437 369 2468 Mz'iller
458 2450 495 2478 19
520 2440 619 2478 Quod
632 2446 788 2480 superest
800 2441 901 2470 etiam
914 2440 1025 2471 codd:
1050 2440 1137 2480 Quid
1150 2442 1326 2480 superest?
1357 2440 1466 2471 Etiam
1480 2439 1572 2471 Man.
