1773 2651
162 169 254 206 VII.
275 169 334 205 vii
641 172 695 208 M.
729 172 896 208 TVLLI
929 171 1236 209 CICERONIS

280 288 411 317 menta
432 280 487 318 sic
508 294 580 330 ego
603 281 729 319 bonos
751 281 852 319 viros
873 289 938 319 aut
960 295 1027 319 eos
1049 282 1289 332 quicumque
1311 282 1490 320 dicentur
1510 280 1605 319 boni

279 358 430 394 sequar,
454 345 570 384 etiam
593 346 623 383 si
646 354 766 384 ruent.
830 346 937 394 Quid
969 346 1016 383 sit
1046 346 1239 395 optimum
1269 348 1369 384 male
1397 346 1606 384 contractis

279 410 394 448 rebus
424 413 539 460 plane
561 411 686 449 video.
748 411 909 449 Nemini
939 419 997 449 est
1027 411 1132 449 enim
1163 413 1407 461 exploratum
1439 424 1529 448 cum
1557 411 1607 448 ad

278 489 384 513 arma
406 483 565 513 ventum
595 475 641 513 sit
663 475 759 525 quid
781 477 953 513 futurum
983 476 1041 522 sit,
1064 484 1102 513 at
1124 476 1219 514 illud
1241 476 1437 523 omnibus,
1462 475 1492 513 si
1514 475 1607 513 boni

279 539 369 577 victi
399 539 486 585 sint,
511 554 583 578 nec
615 540 653 577 in
681 541 803 578 caede
825 539 1046 590 principum
1076 540 1372 578 clementiorem
1400 541 1506 578 hunc
1528 541 1608 578 fore
1629 552 1645 582 5

279 618 395 654 quam
420 604 547 643 Cinna
568 604 681 642 fuerit
703 619 775 643 nec
798 605 1099 643 moderatiorem
1113 620 1232 656 quam
1250 607 1355 644 Sulla
1376 605 1414 642 in
1431 604 1608 654 pecuniis

280 671 532 719 locupletum.
597 670 915 721 Ἐμπολιτεύομαί
949 689 1011 709 σοι
1056 671 1133 709 iam
1172 672 1324 710 dudum
1364 679 1402 709 et
1440 672 1608 708 facerem

279 734 436 780 diutius,
478 734 552 772 nisi
592 749 654 773 me
693 737 851 774 lucerna
889 737 1094 774 desereret.
1154 737 1219 774 Ad
1258 748 1453 773 summam
1491 737 1606 782 ‘D1C‚

281 801 337 838 M.
361 801 519 839 TVLLI)
576 801 791 839 Adsentior
813 802 884 840 Cn.
910 801 1112 851 Pompeio,
1136 801 1175 839 id
1197 809 1254 838 est
1275 802 1320 837 T.
1346 799 1579 850 Pomponio.

334 865 498 911 Alexim,
541 866 869 904 humanissimum
916 880 1095 916 puerum,
1134 866 1207 903 nisi
1256 867 1353 904 forte
1396 866 1491 903 dum
1536 878 1609 914 ego
1632 876 1670 898 10

278 931 418 969 absum
457 933 689 970 adulescens
728 934 853 970 sactus
887 940 946 970 est
986 932 1043 981 (id
1082 932 1187 970 enim
1226 944 1339 981 agere
1372 930 1607 980 videbatur),

279 998 425 1035 salvere
446 996 581 1035 iubeas
603 997 729 1035 velim.

334 1115 449 1150 VIII
507 1118 577 1150 Ser.
600 1119 633 1148 in
650 1119 828 1150 Formiano
846 1120 952 1150 viani
966 1130 986 1150 v
1003 1119 1043 1150 K.
1065 1119 1138 1150 Ian.
1159 1130 1190 1150 a.
1212 1129 1272 1158 704
1292 1118 1374 1160 (50).

694 1208 869 1238 CICERO
903 1208 1073 1239 ATTICO
1107 1207 1203 1238 SAL.

246 1309 264 1338 1
337 1296 444 1345 Quid
475 1309 573 1346 opus
604 1303 661 1334 est
691 1297 741 1334 de
774 1295 964 1344 Dionysio
999 1303 1077 1333 tam
1110 1296 1223 1333 valde
1254 1295 1490 1333 adfirmare?
1545 1296 1608 1331 An
1631 1307 1668 1338 15

281 1361 377 1398 mibi
399 1368 516 1398 nutus
538 1369 627 1398 tuus
649 1374 729 1398 non
751 1362 892 1398 faceret
914 1361 1063 1398 fidem?
1121 1359 1393 1409 Suspicionem
1414 1366 1545 1396 autem
1562 1372 1610 1395 eo

280 1425 374 1462 mihi
408 1425 594 1463 maiorem
623 1433 689 1463 tua
719 1424 960 1463 taciturnitas
993 1425 1196 1469 adtulerat,
1224 1425 1332 1473 quod
1363 1431 1399 1461 et
1433 1430 1473 1460 tu
1508 1424 1609 1460 soles

279 1490 548 1540 conglutinare
577 1490 769 1528 amicitias
800 1489 1033 1528 testimoniis
1064 1489 1139 1527 tuis
1174 1496 1211 1527 et
1242 1489 1350 1526 illum
1380 1488 1490 1526 aliter
1518 1501 1609 1525 cum

278 1556 362 1593 aliis
387 1557 437 1594 de
465 1556 578 1594 nobis
606 1558 781 1594 locutum
809 1555 1030 1594 audiebam.
1091 1555 1169 1593 Sed
1197 1567 1353 1604 prorsus
1378 1553 1430 1591 ita
1457 1565 1542 1591 esse
1569 1560 1611 1589 ut

279 1620 414 1658 scribis
445 1620 539 1658 mihi
570 1622 791 1670 persuades.
855 1622 995 1670 Itaque
1025 1633 1097 1670 ego
1127 1619 1158 1657 is
1179 1618 1218 1656 in
1246 1618 1354 1657 illum
1377 1631 1463 1656 sum
1491 1630 1609 1667 quem
1631 1631 1671 1653 20

280 1693 319 1723 tu
343 1699 404 1723 me
426 1699 509 1723 esse
530 1685 596 1722 vis.

235 1762 260 1790 2
336 1750 452 1787 Diem
483 1757 593 1787 tuum
624 1763 696 1799 ego
726 1763 886 1800 quoque
916 1763 962 1788 ex
992 1749 1158 1799 epistula
1187 1748 1359 1798 quadam
1393 1754 1460 1785 tua
1491 1759 1608 1796 quam

280 1814 492 1864 incipiente
522 1814 709 1852 febricula
739 1815 946 1864 scripseras
986 1814 1083 1851 mihi
1114 1821 1339 1851 notaveram
1370 1819 1407 1850 et
1437 1812 1610 1850 animad—

280 1886 467 1917 verteram
499 1893 613 1929 posse
643 1893 713 1929 pro
745 1894 783 1917 re
812 1887 902 1917 nata
933 1887 969 1917 te
1000 1892 1080 1917 non
1113 1878 1367 1916 incommode
1396 1878 1447 1915 ad
1478 1891 1540 1915 me
1570 1877 1609 1914 in

280 1945 479 1982 Albanum
514 1945 644 1982 venire
678 1957 721 1982 111
757 1946 895 1982 Nonas
926 1946 1079 1982 Ianuar.
1140 1944 1228 1989 Sed,
1261 1942 1404 1980 amabo
1434 1949 1482 1987 te,
1513 1942 1609 1979 nihil
1631 1956 1668 1986 25

279 2009 534 2047 incommodo
556 2009 791 2048 valetudinis
820 2009 966 2047 feceris.
1027 2008 1135 2058 Quid
1166 2007 1271 2046 enim
1302 2014 1359 2045 est
1390 2014 1541 2044 tantum
1570 2007 1609 2044 in

280 2088 360 2113 uno
379 2082 445 2112 aut
466 2076 588 2113 altero
608 2075 701 2113 die?

237 2153 261 2190 3
336 2140 584 2177 Dolabellam
624 2139 740 2178 video
781 2139 913 2177 Liviae
952 2146 1189 2177 testamento
1228 2151 1318 2176 cum
1354 2137 1509 2175 duobus
1549 2151 1610 2175 co-

280 2204 489 2242 heredibus
520 2218 604 2242 esse
634 2204 672 2241 in
704 2204 842 2242 triente
872 2205 941 2242 sed
973 2204 1096 2242 iuberi
1128 2212 1277 2241 mutare
1307 2216 1464 2240 nomen.
1540 2204 1609 2239 Est

321 2320 339 2346 4
364 2310 405 2338 sit
435 2307 643 2348 [Vesenbergz
669 2313 720 2338 est
744 2308 832 2339 codd.
1003 2318 1021 2346 5
1047 2309 1113 2339 sint
1138 2307 1259 2338 Romu:
1285 2311 1364 2337 sunt
1389 2305 1431 2335 M
1591 2316 1607 2345 7

278 2350 481 2390 locupletum
507 2351 570 2390 M¹‚
597 2352 634 2388 cf.
662 2351 751 2381 Neue
777 2350 1038 2381 ‘Formenlehre'
1066 2352 1110 2382 ii²³.
1135 2357 1168 2391 p.
1199 2361 1279 2388 131:
1308 2349 1525 2389 locupletium
1551 2348 1607 2378 M·-‘

277 2395 363 2434 vulg.
457 2395 544 2433 Ἐμπ.
568 2395 608 2424 Μ
626 2394 676 2426 W.
694 2394 885 2425 Headlam:
910 2398 1006 2430 Συμπ.
1028 2395 1185 2424 Bra-leder
1300 2404 1337 2432 15
1363 2392 1431 2433 est]
1452 2393 1512 2422 suit
1528 2394 1604 2423 coni.

281 2437 487 2477 ll'esenlm‘gt
513 2444 584 2467 crat
601 2438 731 2468 Ernesti
865 2439 902 2468 18
927 2439 1133 2468 testimoniis
1157 2449 1222 2468 om.
1243 2437 1297 2466 Ml
