1773 2651
121 189 248 228 VII.i
612 189 667 227 M.
699 189 867 227 TVLLI
899 188 1206 228 CICERONIS

245 303 442 341 decresset
463 301 693 352 triumphos.
756 301 801 339 Ei
824 315 938 351 porro
959 302 1150 339 adsensus
1171 308 1229 339 est
1255 314 1355 339 unus
1377 300 1573 339 familiaris

246 381 366 412 meus,
392 366 601 413 Favonius,
628 368 724 404 alter
754 365 882 413 iratus,
916 366 1068 403 Hirrus.
1128 367 1229 405 Cato
1258 373 1389 403 autem
1419 373 1458 403 et
1487 365 1574 403 scri-

244 433 378 470 bendo
416 432 540 470 adfuit
580 439 617 469 et
655 432 705 470 ad
746 445 808 469 me
842 432 892 469 de
931 431 1125 469 sententia
1164 444 1233 468 sua
1272 429 1574 468 iucundissimas

244 496 389 535 litteras
410 496 524 534 misit.
585 497 662 535 Sed
693 504 826 534 tamen
855 497 1052 545 gratulans
1079 495 1175 533 mihi
1197 496 1341 534 Caesar
1362 496 1411 533 de
1433 495 1575 544 suppli-

244 561 398 599 catione
419 560 632 610 triumphat
662 562 712 599 de
739 560 933 599 sententia
955 560 1118 600 Catonis
1148 573 1220 599 nec
1242 559 1374 598 scribit
1395 559 1490 610 quid
1512 559 1576 598 ille
1596 575 1612 605 5

245 625 463 664 sententiae
497 625 635 664 dixerit
675 626 744 663 sed
784 633 936 663 tantum
977 625 1305 676 supplicationem
1348 639 1437 664 eum
1479 624 1575 663 mihi

244 703 326 729 non
347 690 577 729 decrevisse.

201 756 224 792 8
301 756 441 793 Redeo
461 756 512 793 ad
536 754 710 794 Hirrum.
771 756 970 806 Coeperas
987 769 1077 794 eum
1096 755 1192 794 mihi
1206 757 1359 806 placare
1378 771 1386 803 ;
1417 756 1572 806 perfice.

247 821 385 858 Habes
416 821 606 868 Scrofam,
628 821 750 859 habes
780 820 929 858 Silium.
989 821 1055 859 Ad
1085 834 1152 859 eos
1183 834 1255 871 ego
1285 829 1323 859 et
1353 820 1431 858 iam
1460 828 1576 859 antea

246 885 380 935 scripsi
401 887 451 924 ad
474 885 602 935 ipsum
626 886 800 923 Hirrum.
862 887 1037 924 Locutus
1058 885 1164 924 enim
1186 894 1265 924 erat
1293 899 1383 923 cum
1405 885 1450 923 iis
1471 899 1575 923 com·
1600 899 1636 920 ιο

245 952 363 989 mode
394 963 434 989 se
464 950 639 1000 potuisse
670 950 860 1000 impedire
889 951 958 988 sed
980 950 1178 998 noluisse;
1207 952 1420 988 adsensum
1442 957 1575 988 tamen

245 1029 329 1054 esse
352 1015 506 1061 Catoni,
530 1014 770 1053 amicissimo
791 1029 894 1062 meo,
915 1029 1005 1053 curn
1028 1015 1059 1053 is
1080 1015 1516 1054 honorificentissimam
1536 1015 1575 1052 in

245 1093 308 1118 me
329 1079 565 1119 sententiam
587 1080 772 1127 dixisset3
801 1094 874 1118 nec
897 1093 959 1118 me
979 1082 1030 1118 ad
1056 1093 1097 1119 se
1122 1081 1220 1118 ullas
1245 1080 1390 1118 litteras
1411 1079 1572 1126 misisse,

244 1159 335 1184 cum
365 1147 415 1184 ad
446 1145 574 1183 omnis
600 1144 805 1183 mitterem.
865 1147 1013 1183 Verum
1044 1145 1212 1184 dicebat.
1272 1146 1337 1183 Ad
1358 1159 1448 1184 eum
1470 1145 1575 1183 enim

197 1222 225 1259 9
244 1211 371 1248 solum
403 1217 440 1248 et
469 1211 520 1248 ad
543 1209 819 1260 Crassipedem
847 1223 927 1248 non
955 1210 1195 1260 scripseram.
1255 1212 1387 1260 Atque
1408 1211 1505 1248 haec
1525 1211 1576 1249 de
1602 1224 1635 1255 ¹5

244 1275 360 1313 rebus
381 1274 601 1313 forensibus
620 1289 629 1321 3
658 1276 864 1313 redeamus
885 1276 1061 1314 domum.

301 1339 515 1390 Diiungere
537 1352 599 1378 me
620 1339 670 1377 ab
692 1339 758 1378 illo
779 1341 879 1378 volo.
942 1341 1077 1379 Merus
1099 1347 1156 1378 est
1171 1342 1346 1391 φυρατής,
1366 1353 1575 1391 germanus

246 1403 452 1443 Lartidius.

363 1488 488 1525 Ἀλλὰ
516 1489 562 1525 τὸ.
590 1489 656 1537 μὲν
684 1488 931 1540 προτετύχθαι
962 1489 1122 1539 ἐάσομεν
1151 1490 1352 1541 ἀχνύμενοί
1377 1507 1454 1540 περ.

246 1571 415 1621 Reliqua
431 1570 696 1621 expediamus,
714 1572 789 1609 hoc
806 1571 1142 1623 primum—quod
1160 1573 1323 1612 accessit
1340 1587 1431 1612 cura
1447 1572 1573 1612 dolori
1596 1591 1636 1612 20

246 1637 474 1682 meo‚-—sed
512 1644 642 1673 tamen
684 1637 772 1683 hoc,
807 1636 996 1687 quicquid
1033 1646 1101 1684 est,
1138 1638 1370 1677 Precianum
1403 1652 1494 1676 cum
1529 1637 1574 1675 iis

245 1702 461 1740 rationibus
483 1715 579 1751 quas
601 1701 664 1739 ille
686 1715 792 1740 meas
814 1710 951 1740 tractat
973 1703 1181 1742 admisceri
1203 1706 1306 1742 nolo.
1367 1703 1510 1753 Scripsi
1523 1704 1574 1741 ad

244 1766 481 1813 Terentiam,
519 1766 654 1816 scripsi
686 1766 803 1805 etiam
838 1768 889 1805 ad
921 1767 1061 1818 ipsum,
1099 1782 1162 1807 me
1193 1768 1382 1818 quicquid
1416 1781 1573 1818 possem

244 1845 497 1869 nummorum
518 1832 568 1869 ad
589 1840 819 1881 apparatum
837 1832 978 1882 sperati
993 1833 1179 1883 triumphi
1193 1834 1243 1871 ad
1260 1841 1297 1871 te
1311 1834 1570 1871 redacturum.

246 1898 306 1934 Ita
340 1904 436 1946 puto
472 1898 645 1946 ἄμεμπτα
677 1898 783 1944 sore3
813 1911 947 1935 verum
979 1905 1021 1935 ut
1051 1898 1198 1936 libebit.
1261 1900 1379 1936 Hanc
1414 1911 1573 1948 quoque
1596 1914 1632 1945 25

244 1961 397 2011 suscipe
418 1975 551 1999 curam
573 1975 691 2011 quem
712 1963 763 1999 ad
779 1963 942 2000 modum
960 1962 1212 2012 experiamur.
1275 1964 1322 2000 Id
1339 1970 1379 2000 tu
1396 1970 1433 2000 et
1447 1971 1574 2000 osten-

243 2025 333 2063 disti
355 2026 593 2075 quibusdam
625 2026 759 2064 litteris
784 2041 830 2064 ex
860 2027 979 2076 Epiro
1005 2041 1057 2064 an
1079 2027 1245 2066 Athenis
1273 2027 1373 2065 datis
1401 2035 1437 2065 et
1466 2027 1505 2064 in
1526 2041 1574 2065 eo

243 2105 316 2140 ego
338 2099 375 2129 te
396 2091 605 2130 adiuvabo.

285 2204 316 2232 9,
332 2204 370 2225 10
394 2199 427 2225 et
445 2194 509 2225 iam
529 2219 535 2225 .
558 2220 564 2225 .
584 2220 589 2226 .
609 2195 725 2234 scripsi
739 2196 780 2226 ad
795 2195 897 2225 Boot:
925 2196 1025 2226 etiam
1043 2220 1049 2226 .
1065 2220 1071 2226 .
1090 2220 1096 2226 .
1116 2196 1246 2236 scripsi,
1261 2196 1379 2236 scripsi
1390 2196 1431 2226 ad
1443 2196 1574 2228 Baiter:

243 2238 342 2267 etiarn
362 2263 367 2269 .
387 2262 394 2269 .
415 2262 422 2269 .
442 2239 562 2278 scripsi
580 2243 614 2269 et
630 2240 670 2268 ad
688 2238 709 2268 I
727 2238 914 2279 I'Vesenberg
1014 2250 1049 2278 17
1077 2239 1193 2270 Merus
1218 2239 1312 2270 ll‘lan.
1332 2251 1338 2269 :
1364 2240 1467 2270 mirus
1482 2240 1572 2271 codd.

243 2292 285 2311 20
308 2282 397 2320 quod
424 2281 484 2312 M:
519 2292 586 2320 quo
612 2281 827 2322 Malaspina:
861 2283 893 2312 in
922 2292 989 2321 quo
1016 2282 1131 2313 Lamb.
1225 2293 1325 2313 curae
1349 2283 1427 2314 com'.
1456 2283 1578 2314 Mu'ller

243 2334 281 2355 21
309 2329 419 2355 tamen
436 2325 502 2355 hoc
527 2329 573 2356 Σ;
598 2325 660 2356 hoc
678 2330 790 2356 tamen
817 2331 843 2356 Δ
958 2327 1001 2355 26
1025 2327 1245 2365 expediamus
1261 2326 1338 2357 coni.
1364 2326 1574 2367 Wesenberg:

242 2374 462 2407 expectamus
475 2371 552 2400 coni.
568 2369 653 2400 Reid
760 2374 794 2399 tu
813 2368 890 2398 M2':
917 2379 971 2398 om
990 2368 1041 2398 M¹
1209 2379 1248 2408 27
1274 2381 1315 2400 an
1334 2370 1408 2401 add.
1430 2370 1548 2401 Lamb.
1567 2382 1573 2402 z

242 2416 297 2441 aut
315 2414 393 2443 coni.
420 2412 631 2452 stenbm-g:
657 2413 760 2452 Epiro
780 2412 933 2442 Athenas
952 2412 1034 2442 Pius
