1732 2661
224 197 254 235 I.
277 197 354 234 xix
636 199 691 236 M.
723 199 891 236 TVLLI
923 199 1229 237 CICERONIS

265 316 469 358 praestem,
489 309 645 359 privatis
668 309 763 348 meis
785 310 900 348 rebus
921 318 1079 360 propter
1100 309 1364 348 infirmitatem
1381 310 1587 358 bonorum,

264 372 509 423 iniquitatem
540 376 832 421 malevolorum,
856 374 991 413 odium
1022 375 1061 412 in
1092 389 1155 413 me
1185 375 1454 425 improborum
1483 376 1591 414 adhi-

265 438 380 476 beam
401 440 600 488 quandam
631 439 855 477 cautionem
883 447 920 477 et
947 439 1189 489 diligentiam
1210 448 1329 490 atque
1350 440 1412 486 ita,
1436 440 1590 479 tametsi

263 502 322 540 his
345 503 455 541 novis
475 503 655 541 amicitiis
676 504 863 554 implicati
885 517 1029 550 sumus,
1053 512 1095 541 ut
1123 505 1259 542 crebro
1286 504 1382 541 mihi
1402 506 1507 543 vafer
1526 505 1591 543 ille

263 567 416 605 Siculus
437 568 649 606 insusurret
671 568 930 618 Epicharmus
952 568 1187 606 cantilenam
1209 569 1314 606 illam
1336 582 1470 607 suam:
1610 580 1627 611 5

348 635 444 681 νᾶφε
474 634 532 670 καὶ
560 634 719 682 μέμνασ’
749 635 930 671 ἀπιστεῖν·
972 633 1088 682 ἄρθρα
1116 637 1229 671 ταῦτα
1257 638 1324 672 τᾶν
1353 638 1506 683 φρενῶν.

262 698 322 734 Ac
343 705 497 735 nostrae
519 697 681 747 quidem
698 696 856 735 rationis
877 710 923 735 ac
943 697 1044 736 vitae
1065 697 1175 747 quasi
1193 699 1391 747 quandam
1409 700 1587 746 formam,

263 769 303 799 ut
325 762 473 812 opinor,
498 762 617 800 vides.

214 837 242 873 9
319 827 380 864 De
401 834 469 864 tuo
489 835 621 864 autem
648 827 806 877 negotio
827 841 943 877 saepe
970 828 1021 865 ad
1048 841 1110 865 me
1136 827 1282 865 scribis.
1345 828 1419 867 Cui
1440 828 1588 866 mederi

261 903 367 928 nunc
402 904 482 928 non
519 904 753 941 possumus,
795 900 852 930 est
887 891 992 929 enim
1039 891 1134 930 illud
1167 900 1323 930 senatus
1363 894 1588 930 consultum
1611 907 1648 928 10

261 968 415 992 summa
450 956 699 1005 pedariorum
728 958 930 994 voluntate
959 956 1103 994 nullius
1143 966 1319 994 nostrum
1357 957 1588 995 auctoritate

260 1022 418 1059 factum.
480 1023 582 1059 Nam
605 1023 713 1071 quod
736 1035 798 1059 me
826 1035 911 1060 esse
940 1023 991 1060 ad
1017 1022 1269 1060 scribendum
1291 1022 1411 1069 vides,
1436 1036 1481 1060 ex
1502 1022 1587 1072 ipso

260 1094 417 1124 senatus
447 1089 628 1125 consulto
649 1087 873 1136 intellegere
902 1095 1014 1137 potes
1043 1087 1158 1125 aliam
1189 1101 1270 1125 rem
1301 1095 1383 1125 tum
1414 1090 1585 1134 relatam,

260 1152 336 1189 hoc
356 1159 489 1190 autem
510 1153 560 1190 de
582 1152 737 1202 populis
760 1151 889 1190 liberis
911 1152 995 1190 sine
1012 1165 1129 1190 causa
1149 1153 1339 1191 additum.
1394 1154 1443 1190 Et
1465 1152 1517 1191 ita
1537 1154 1587 1190 fa-

260 1225 367 1256 ctum
389 1225 446 1256 est
466 1232 488 1256 a
510 1220 550 1256 P.
575 1218 737 1257 Servilio
750 1218 830 1256 filio
847 1218 915 1268 qui
935 1218 975 1256 in
996 1218 1202 1268 postremis
1220 1219 1455 1256 sententiam
1477 1218 1582 1265 dixit,
1609 1231 1645 1262 15

260 1284 329 1321 sed
359 1283 556 1321 immutari
585 1285 662 1322 hoc
688 1292 865 1333 tempore
893 1297 972 1322 non
1000 1291 1138 1333 potest.
1200 1285 1339 1333 Itaque
1369 1292 1586 1322 conventus

260 1348 326 1397 qui
348 1347 458 1386 initio
484 1349 783 1387 celebrabantur
804 1348 882 1386 iam
910 1348 977 1387 diu
999 1348 1081 1386 fieri
1103 1348 1312 1386 desierunt.
1373 1350 1435 1386 Tu
1458 1348 1489 1386 si
1510 1348 1586 1386 tuis

259 1413 458 1451 blanditiis
493 1421 625 1452 tamen
655 1427 678 1452 a
709 1413 900 1463 Sicyoniis
930 1414 1224 1452 nummulorum
1255 1413 1405 1463 aliquid
1436 1427 1586 1463 expres-

259 1477 363 1524 seris,
386 1478 502 1516 velim
526 1492 588 1516 me
609 1478 727 1517 facias
748 1479 963 1517 certiorem.

192 1553 240 1579 10
314 1543 653 1582 Commentarium
675 1545 901 1582 consulatus
928 1544 1005 1583 mei
1033 1545 1183 1583 Graece
1211 1544 1475 1594 compositum
1498 1543 1584 1582 misi
1607 1558 1646 1580 20

258 1609 309 1646 ad
331 1616 377 1646 te.
430 1610 477 1646 In
499 1622 578 1658 quo
598 1608 629 1646 si
650 1608 745 1658 quid
767 1608 837 1647 erit
858 1611 966 1658 quod
987 1609 1137 1647 homini
1163 1609 1297 1647 Attico
1318 1609 1447 1646 minus
1470 1610 1585 1646 Grae-

258 1687 347 1712 cum
370 1673 645 1723 eruditumque
666 1674 852 1720 videatur,
876 1688 956 1713 non
984 1675 1113 1713 dicam
1135 1676 1244 1724 quod
1265 1675 1345 1721 tibi,
1370 1683 1411 1712 ut
1432 1673 1582 1724 opinor,

259 1738 471 1776 Panhormi
494 1740 680 1777 Lucullus
707 1740 757 1777 de
784 1739 863 1777 suis
891 1739 1060 1777 historiis
1089 1740 1247 1785 dixerat,
1272 1753 1312 1777 se
1334 1752 1413 1789 quo
1433 1738 1584 1777 facilius

257 1803 340 1841 illas
366 1804 546 1853 probaret
578 1803 749 1842 Romani
784 1804 955 1842 hominis
985 1818 1070 1843 esse
1100 1804 1247 1843 idcirco
1277 1804 1440 1842 barbara
1469 1817 1584 1853 quae-

257 1869 348 1906 dam
370 1876 408 1906 et
429 1870 586 1906 σόλοικα
606 1868 859 1918 dispersisse;
888 1871 995 1919 apud
1013 1883 1075 1908 me
1096 1869 1127 1907 si
1149 1869 1245 1919 quid
1266 1869 1335 1907 erit
1357 1869 1438 1907 eius
1461 1868 1580 1915 modi,
1605 1882 1642 1913 25

258 1946 320 1970 me
350 1932 598 1982 imprudente
626 1933 695 1971 erit
723 1941 760 1971 et
787 1933 920 1972 invito.
982 1934 1167 1972 Latinum
1189 1933 1220 1971 si
1242 1935 1450 1983 perfecero,
1473 1934 1524 1971 ad
1545 1941 1583 1972 te

257 1996 419 2034 mittam.
478 1997 654 2035 Tertium
685 2011 827 2048 poema
848 2007 1086 2048 exspectato,
1108 2012 1156 2037 ne
1184 2000 1292 2048 quod
1318 2011 1441 2048 genus
1467 2011 1490 2035 a
1520 2012 1582 2036 me

256 2061 342 2111 ipso
372 2061 497 2099 laudis
525 2075 635 2100 meae
662 2063 1000 2111 praetermittatur.
1063 2063 1142 2101 Hic
1173 2070 1214 2101 tu
1245 2076 1338 2101 cave
1368 2062 1499 2100 dicas:
1529 2065 1583 2103 τίς

254 2127 379 2175 πατέρ’
406 2128 571 2176 αἰνήσει;
606 2126 645 2165 Si
672 2135 730 2165 est
757 2127 863 2165 enim
890 2129 996 2177 apud
1024 2127 1205 2166 homines
1233 2127 1444 2177 quicquam
1472 2128 1580 2177 quod

298 2239 316 2267 3
342 2230 473 2259 tametsi
492 2230 542 2260 his
561 2229 664 2261 Boot:
704 2231 837 2261 tametsi
855 2230 903 2261 eis
925 2230 990 2261 cod.
1005 2230 1201 2271 Poggianus
1224 2231 1298 2261 Hs:
1338 2235 1449 2260 tamen
1475 2231 1503 2261 si
1529 2232 1580 2262 eis

253 2272 412 2302 aliz'codd.
431 2285 436 2302 ε
464 2278 574 2303 tamen
594 2274 666 2304 istis
689 2273 880 2314 lesenbetgg
1014 2285 1050 2312 14
1075 2275 1147 2304 sine
1173 2285 1274 2304 causa
1294 2274 1406 2304 codd.:
1440 2280 1579 2305 senatus

255 2316 409 2346 consulto
426 2317 505 2347 coni.
529 2316 651 2346 Orelli:
675 2318 707 2346 in
726 2327 798 2347 eam
817 2327 951 2347 causam
970 2316 1110 2357 llladvt'g
1196 2317 1239 2347 ita
1261 2317 1399 2357 sactum]
1419 2318 1578 2348 infartum

253 2358 392 2398 Madmg
482 2369 518 2398 17
543 2360 570 2390 si
589 2370 653 2390 om.
675 2360 739 2390 cod.
754 2360 948 2400 Poggianns
963 2360 1017 2390 lls
1106 2371 1147 2399 23
1174 2359 1372 2400 Panhormi]
1391 2362 1461 2400 pari
1479 2362 1578 2391 modo

253 2401 317 2431 cod.
338 2401 426 2433 Add.
442 2404 526 2441 6793
542 2404 575 2432 in
590 2402 705 2433 Museo
719 2403 907 2433 Britannico
994 2414 1035 2442 25
1061 2403 1194 2434 σόλοικα
1218 2403 1331 2434 codices
1349 2405 1553 2444 Malaspinae
1570 2416 1578 2435 ι

253 2445 385 2475 soloeca
403 2444 429 2473 L
450 2448 591 2485 gmatg.)
610 2446 760 2477 EO-'RP
775 2459 781 2477 z
804 2447 913 2477 soleta
929 2447 993 2477 cod.
1014 2447 1228 2488 Poggt'amts:
1253 2447 1405 2478 obsoleta
1421 2458 1437 2477 s
1453 2452 1523 2478 vett.
