1773 2651
627 167 737 203 EPP.
771 166 849 202 AD
879 164 1138 203 ATTICVM
1503 164 1546 201 V.
1571 161 1648 199 xxi

190 285 355 328 pescunt
385 279 513 316 nullos
548 278 718 315 honores
754 276 849 314 mihi
884 276 956 314 nisi
987 277 1194 314 verborum
1229 275 1387 314 decerni
1418 275 1515 321 sino,

190 351 347 388 statuas,
377 344 476 389 fana,
509 343 691 392 τέθριππα
730 341 921 391 prohibeo
956 355 1029 379 nec
1067 355 1153 379 sum
1189 341 1228 379 in
1263 342 1341 378 ulla
1372 354 1411 378 re
1444 340 1520 378 alia

192 409 379 446 molestus
410 407 758 446 civitatibus—sed
781 408 943 445 fortasse
974 406 1043 445 tibi
1071 406 1138 456 qui
1167 407 1263 445 haec
1295 405 1518 456 praedicem

191 474 241 510 de
281 486 353 510 me.
414 474 553 518 Perfer,
596 472 626 509 si
667 486 729 510 me
766 485 899 518 amas,
942 479 983 509 tu
1018 471 1123 509 enim
1164 485 1226 509 me
1261 472 1358 508 haec
1393 472 1518 508 facere

155 548 171 578 5
192 537 358 574 voluisti.
420 538 498 575 Iter
519 536 633 586 igitur
661 536 713 574 ita
738 550 806 586 per
828 536 963 574 Asiam
989 535 1061 574 feci
1091 543 1131 573 ut
1159 535 1274 573 etiam
1298 536 1421 572 fames
1443 548 1519 584 qua
1540 536 1563 572 8

192 601 288 638 nihil
310 601 486 639 miserius
517 609 584 647 est,
609 615 709 651 quae
735 609 818 639 tum
843 608 923 638 erat
958 599 996 637 in
1032 602 1105 638 hac
1141 613 1228 638 mea
1249 600 1343 637 Asia
1365 599 1520 649 (messis

193 666 298 704 enim
326 668 433 704 nulla
462 666 614 715 fuerat),
645 666 739 704 mihi
770 666 944 715 optanda
974 665 1097 704 fuerit.
1159 666 1424 714 Quacumque
1450 664 1521 701 iter

194 731 278 778 feci,
302 733 408 769 nulla
428 732 479 773 vi,
500 733 608 770 nullo
636 731 792 777 iudicio,
817 732 924 768 nulla
951 730 1201 777 contumelia,
1224 729 1456 768 auctoritate
1483 736 1521 766 et

195 796 467 835 cohortatione
483 797 626 846 perfeci
644 805 685 834 ut
699 805 736 835 et
751 795 890 834 Graeci
908 804 945 834 et
963 795 1066 834 cives
1082 795 1253 834 Romani
1270 795 1337 845 qui
1354 796 1521 833 frumen-

138 875 175 897 ιο
196 869 279 899 tum
301 870 612 912 compresserant
630 876 814 911 magnum
837 875 1043 899 numerum
1061 860 1216 910 populis
1233 860 1517 911 pollicerentur.

197 926 335 964 Idibus
354 926 581 972 Februariis,
599 940 678 976 quo
695 926 758 964 die
773 928 841 964 has
856 926 1000 964 litteras
1016 925 1120 972 dedi,
1136 927 1262 964 forum
1281 925 1520 963 institueram
1542 931 1569 968 9

194 1005 307 1040 agere
352 991 572 1029 Laodiceae
619 990 885 1040 Cibyraticum
931 998 969 1029 et
1014 992 1251 1041 Apamense,
1293 1004 1339 1028 ex
1384 988 1522 1027 Idibus

197 1056 350 1094 Martiis
380 1056 527 1094 ibidem
559 1057 826 1105 Synnadense,
851 1055 1125 1105 Pamphylium
1155 1055 1255 1106 (tum
1282 1053 1446 1092 Phemio
1470 1053 1524 1091 di-

197 1122 360 1172 spiciam
392 1121 523 1171 κέρας),
552 1121 807 1171 Lycaonium‚
832 1121 1075 1167 Isauricum3
1109 1133 1155 1158 ex
1178 1119 1317 1158 Idibus
1346 1118 1462 1156 Maiis
1485 1118 1522 1155 in

138 1203 174 1233 15
198 1187 389 1234 Ciliciam,
432 1196 473 1225 ut
513 1187 566 1225 ibi
614 1186 751 1224 Iunius
797 1194 1063 1232 consumatur,
1102 1185 1217 1223 velim
1257 1184 1464 1234 tranquille
1502 1196 1525 1220 a

200 1253 360 1291 Parthis.
423 1252 620 1302 Quintili5‚
655 1252 685 1289 si
725 1251 794 1290 erit
826 1259 867 1289 ut
899 1253 1090 1297 volumus,
1121 1250 1159 1288 in
1199 1250 1336 1288 itinere
1371 1257 1427 1287 est
1458 1262 1525 1298 per

198 1317 440 1368 provinciam
472 1316 727 1355 redeuntibus
757 1317 1063 1354 consumendus.
1125 1315 1317 1353 Venimus
1347 1313 1452 1352 enim
1484 1314 1525 1350 in

198 1383 439 1433 provinciam
455 1382 692 1420 Laodiceam
709 1381 881 1431 Sulpicio
898 1389 935 1419 et
954 1381 1143 1419 Marcello
1160 1379 1388 1418 consulibus
1401 1377 1526 1428 pridie

200 1449 402 1486 Kalendas
442 1447 604 1486 Sextilis.
667 1447 766 1484 Inde
806 1460 877 1484 nos
916 1453 1070 1496 oportet
1109 1445 1301 1483 decedere
1339 1457 1371 1481 a.
1404 1444 1441 1481 d.
1480 1454 1524 1480 111

139 1528 180 1549 20
202 1515 403 1552 Kalendas
432 1512 595 1551 Sextilis.
657 1512 831 1550 Primum
857 1512 1096 1549 contendam
1121 1524 1144 1548 a
1171 1510 1323 1558 Quinto
1350 1510 1464 1546 fratre
1485 1515 1526 1545 ut

198 1592 240 1617 se
261 1578 418 1628 praefici
440 1578 618 1628 patiatur,
642 1578 750 1627 quod
772 1585 809 1615 et
830 1576 895 1615 illo
917 1584 954 1614 et
976 1590 1038 1614 me
1059 1575 1291 1613 invitissimo
1313 1575 1389 1612 fiet.
1450 1574 1527 1611 Sed

198 1643 309 1681 aliter
329 1645 494 1681 honeste
526 1642 607 1680 fieri
635 1656 715 1679 non
746 1649 885 1691 potest,
909 1640 1135 1690 praesertim
1166 1653 1255 1678 cum
1277 1639 1401 1677 virum
1432 1637 1529 1687 opti-

199 1721 307 1745 mum
335 1708 591 1758 Pomptinum
620 1721 668 1745 ne
690 1720 796 1744 nunc
817 1706 977 1756 quidem
1006 1706 1170 1743 retinere
1198 1704 1356 1754 possim.
1409 1702 1527 1752 Rapit

199 1773 303 1810 enim
322 1773 525 1811 hominem
548 1772 773 1810 Postumius
796 1773 977 1817 Romam,
995 1772 1155 1808 fortasse
1177 1769 1294 1807 etiam
1313 1767 1524 1806 Postumia.

141 1852 180 1883 25
257 1839 393 1876 Habes
415 1838 577 1876 consilia
598 1845 755 1883 nostra3
784 1850 890 1874 nunc
917 1848 1112 1884 cognosce
1139 1835 1189 1872 de
1212 1836 1343 1871 Bruto.
1405 1831 1529 1869 Fami-
1548 1838 1595 1865 10

200 1903 301 1941 liaris
329 1903 447 1941 habet
479 1905 621 1940 Brutus
648 1910 738 1939 tuus
768 1901 962 1950 quosdam
988 1899 1199 1938 creditores
1227 1897 1528 1937 Salaminiorum

199 1983 246 2005 ex
277 1969 418 2017 Cypro,
445 1970 499 2005 Μ.
524 1967 724 2016 Scaptium
756 1974 793 2004 et
825 1968 865 2003 P.
892 1965 1129 2011 Matiniun13
1158 1977 1258 2013 quos
1288 1962 1383 2000 mihi
1412 1961 1530 1999 maio-

199 2047 279 2071 rem
308 2033 346 2070 in
376 2035 539 2071 modum
567 2030 871 2070 commendavit.
933 2029 1145 2067 Matinium
1172 2042 1252 2067 non
1280 2027 1379 2065 novi.
1443 2028 1529 2064 Sca-

200 2097 302 2146 ptius
323 2099 373 2136 ad
402 2111 464 2135 me
486 2098 524 2135 in
549 2105 673 2134 castra
694 2096 809 2134 venit.
871 2094 1071 2132 Pollicitus
1099 2107 1185 2131 sum
1213 2100 1436 2131 curaturum
1466 2104 1529 2128 me

141 2176 180 2207 30
202 2163 309 2200 Bruti
350 2176 466 2201 causa
505 2170 547 2199 ut
586 2162 620 2200 ei
660 2160 861 2199 Salaminii
901 2159 1109 2209 pecuniam
1155 2159 1359 2196 solverent.
1439 2155 1528 2204 Egit

199 2227 350 2277 gratias.
410 2228 697 2265 Praefecturam
725 2224 870 2274 petivit.
932 2223 1082 2274 Negavi
1107 2237 1170 2261 me
1197 2222 1382 2271 cuiquam
1413 2234 1528 2270 nego-

248 2341 284 2369 14
310 2329 414 2368 κέρας)
433 2331 641 2369 Lycaonium
654 2329 831 2367 Illonganll
846 2340 850 2358 ς
870 2327 986 2367 κέρασα
999 2328 1147 2357 omnium
1161 2325 1216 2356 M:
1237 2325 1328 2364 κέρας
1341 2324 1487 2354 Aonium
1503 2323 1531 2354 C

204 2384 239 2412 17
263 2375 295 2403 in
313 2373 388 2404 add.
407 2375 494 2413 vulg.
589 2375 626 2403 18
654 2373 853 2402 Laodiceam
877 2372 943 2402 secl.
968 2371 1101 2400 Ernesti
1189 2380 1228 2408 24
1255 2370 1344 2399 enim
1358 2368 1527 2398 hominem

201 2417 220 2446 I
235 2417 332 2448 Rom.
353 2429 359 2448 z
384 2418 555 2447 hominem
573 2417 662 2446 enim
682 2416 742 2446 M:
767 2416 856 2446 enim
874 2416 940 2445 secl.
963 2414 1063 2444 Orelli
1201 2415 1244 2442 26
1269 2411 1528 2443 Salaminiorum

202 2461 309 2500 vulg:
335 2461 580 2491 Salaminorum
598 2459 639 2489 M
653 2463 698 2497 te!
712 2460 756 2489 ila
773 2464 922 2498 semper),
945 2458 1133 2488 Mommsen
