1732 2661
91 992 131 1015 10

94 1648 131 1670 20

556 200 667 236 EPP.
702 201 779 236 AD
810 200 1069 238 ATTICVM
1426 202 1478 238 ΙΙ.
1499 201 1574 239 xvi

150 311 271 358 Quod
298 317 515 348 extremum
539 317 620 348 est:
652 312 710 348 Te
737 310 776 348 in
798 310 978 360 Arpinati
1000 310 1222 349 videbimus
1250 319 1288 349 et
1309 310 1481 361 hospitio

148 374 289 424 agresti
309 374 557 425 accipiemus,
582 375 770 424 quoniam
793 375 1031 413 maritimum
1053 376 1129 413 hoc
1150 375 1432 426 contempsisti.

193 491 328 526 XVII
426 493 495 526 Ser.
512 494 546 524 in
563 495 743 526 Formiano
760 496 804 526 in.
824 506 869 527 m.
890 495 970 527 Mai.
990 506 1019 526 a.
1041 497 1097 536 695
1118 494 1204 535 (59).

560 572 735 603 CICERO
768 572 939 603 ATTICO
973 572 1070 603 SAL.

204 651 365 688 Prorsus
404 657 446 687 ut
481 649 617 688 scribis
657 650 709 688 ita
749 650 886 697 sentio,
922 650 1098 688 turbatur
1132 649 1477 700 Sampsiceramus.
1501 664 1519 692 1

150 715 259 754 Nihil
284 723 341 753 est
366 717 474 765 quod
505 729 585 754 non
614 715 835 754 timendum
863 716 929 763 Sit3
960 717 1264 768 ὁμολογουμένως
1289 716 1483 766 τυραννίδα

147 782 424 827 συσκευάζεται.
496 780 604 829 Quid
644 781 749 818 enim
789 781 861 819 ista
899 781 1103 831 repentina
1140 780 1353 819 adfinitatis
1392 794 1483 819 con-

148 845 307 892 iunctio,
331 846 427 896 quid
454 859 544 895 ager
572 847 811 896 Campanus⁷
835 846 931 896 quid
958 846 1097 885 effusio
1123 846 1315 896 pecuniae
1341 846 1483 897 signifi-

148 913 268 949 cant?
325 912 440 959 Quae
469 910 501 949 si
531 918 661 949 essent
690 919 862 949 extrema
891 919 1024 949 tamen
1054 919 1155 950 esset
1185 911 1351 949 nimium
1376 911 1480 959 mali,

149 977 219 1015 sed
251 990 297 1014 ea
330 983 468 1014 natura
500 975 553 1014 rei
588 983 645 1014 est
677 984 719 1014 ut
751 978 848 1015 haec
880 984 1052 1015 extrema
1086 990 1171 1015 esse
1201 990 1282 1015 non
1316 977 1478 1027 possint.

151 1042 259 1091 Quid
277 1041 412 1080 enim?
442 1055 509 1080 eos
526 1043 623 1080 haec
645 1042 729 1092 ipsa
749 1056 817 1092 per
838 1055 878 1081 se
899 1043 1095 1081 delectare
1115 1045 1311 1092 possunt?
1360 1045 1483 1081 Num-

148 1121 268 1157 quam
297 1109 375 1146 huc
396 1107 594 1146 venissent
624 1107 696 1145 nisi
725 1109 776 1146 ad
807 1107 901 1146 alias
931 1121 990 1146 res
1022 1108 1223 1158 pestiferas
1249 1108 1378 1147 aditus
1408 1108 1482 1147 sibi

149 1180 432 1224 compararent.
492 1175 651 1220 Verum,
682 1180 723 1221 ut
748 1172 895 1219 scribis,
918 1173 1016 1211 haec
1046 1172 1085 1210 in
1115 1173 1293 1223 Arpinati
1322 1187 1354 1212 a.
1378 1175 1415 1212 d.
1440 1186 1479 1211 VI

150 1238 301 1277 circiter
332 1239 428 1277 Idus
461 1238 587 1276 Maias
618 1251 699 1276 non
725 1237 972 1285 deflebimus,
1000 1251 1050 1276 ne
1074 1245 1112 1276 et
1142 1251 1262 1288 opera
1286 1246 1324 1277 et
1349 1239 1480 1277 oleum

149 1303 386 1354 philologiae
435 1311 590 1342 nostrae
637 1303 792 1352 perierit
807 1318 818 1351 3
865 1304 935 1342 sed
973 1305 1221 1342 conferemus
1269 1304 1480 1354 tranquillo

149 1370 292 1408 animo.
346 1369 397 1407 Di
422 1369 662 1408 immortales
683 1382 813 1419 neque
833 1376 913 1408 tam
936 1383 998 1408 me
1019 1370 1235 1408 εὐελπιστιά
1255 1371 1480 1408 consolatur
1500 1384 1524 1411 2

150 1443 191 1473 ut
211 1443 328 1473 antea
348 1448 466 1484 quam
490 1435 700 1485 ἀδιαφορία,
725 1448 803 1484 qua
823 1436 930 1473 nulla
950 1434 990 1473 in
1015 1449 1054 1474 re
1082 1442 1161 1473 tam
1186 1443 1274 1473 utor
1300 1448 1419 1485 quam
1440 1434 1480 1472 in

150 1502 223 1539 hac
255 1500 358 1538 civili
392 1508 431 1539 et
461 1500 630 1551 publica.
692 1500 800 1549 Quin
835 1500 953 1539 etiam
985 1502 1094 1550 quod
1128 1508 1186 1539 est
1220 1499 1413 1538 subinane
1443 1500 1482 1538 in

151 1566 265 1605 nobis
293 1574 330 1605 et
358 1581 439 1605 non
471 1568 698 1616 ἀφιλόδοξον
722 1567 887 1616 (bellum
910 1573 967 1604 est
995 1566 1100 1604 enim
1123 1579 1193 1604 sua
1216 1565 1310 1603 vitia
1335 1565 1480 1615 nosse),

151 1632 191 1670 id
220 1632 401 1671 adficitur
430 1635 602 1684 quadam
636 1631 910 1672 delectatione.
970 1631 1130 1669 Solebat
1160 1630 1265 1669 enim
1296 1644 1358 1668 me
1387 1643 1484 1680 pun-

150 1711 239 1748 gere
260 1712 310 1737 ne
331 1698 631 1749 Sampsicerami
661 1697 798 1736 merita
819 1696 858 1734 in
880 1695 1044 1745 patriam
1065 1697 1115 1734 ad
1136 1708 1261 1734 annos
1283 1701 1483 1733 sescentos

152 1764 298 1803 maiora
327 1764 551 1803 viderentur
585 1777 704 1814 quam
741 1770 882 1801 nostra.
946 1764 1036 1800 Hac
1066 1761 1226 1811 quidem
1258 1774 1350 1799 cura
1378 1767 1483 1799 certe

151 1829 228 1867 iam
258 1843 404 1868 vacuus
435 1843 546 1876 sum3
582 1829 682 1867 iacet
712 1828 817 1867 enim
848 1827 911 1866 ille
942 1828 996 1865 sic
1026 1835 1068 1865 ut
1099 1826 1285 1876 †phocis†
1310 1825 1482 1865 Curiana

152 1903 252 1933 stare
282 1894 469 1934 videatur.
530 1896 608 1933 Sed
639 1896 735 1933 haec
767 1907 909 1932 coram.
970 1895 1033 1930 Tu
1061 1899 1193 1930 tamen
1214 1891 1356 1930 videris
1384 1890 1480 1928 mihi
1500 1905 1525 1944 3

117 1974 131 2004 ζ
154 1962 308 1999 Romae
335 1962 416 1999 fore
442 1961 493 1999 ad
520 1968 698 1998 nostrum
719 1959 944 2004 adventum,
969 1959 1078 2008 quod
1106 1971 1199 1995 sane
1220 1957 1333 1995 facile
1359 1956 1482 2007 patiar

153 2025 184 2063 si
206 2034 273 2064 tuo
293 2027 508 2064 commodo
530 2025 610 2064 fieri
636 2024 759 2075 possit
777 2039 786 2070 3
816 2023 875 2061 sin
901 2031 943 2061 ut
970 2022 1105 2061 scribis
1127 2022 1179 2060 ita
1199 2021 1342 2069 venies,
1365 2021 1482 2059 velim

153 2106 199 2129 ex
219 2092 466 2141 Theophane
490 2090 687 2141 expiscere
714 2102 888 2139 quonam
918 2088 957 2126 in
990 2102 1053 2126 me
1079 2087 1213 2126 animo
1243 2087 1291 2125 sit
1320 2087 1484 2125 Arabar-

153 2157 257 2195 ches.
317 2158 492 2205 Quaeres
513 2155 661 2194 scilicet
690 2156 781 2192 κατὰ
806 2155 848 2192 τὸ
879 2153 1115 2203 κηδεμονικὸν
1138 2160 1176 2191 et
1199 2154 1250 2191 ad
1275 2165 1338 2190 me
1364 2152 1415 2190 ab
1435 2165 1483 2191 eo

199 2270 217 2297 5
253 2259 405 2290 turbatur
445 2258 557 2290 codd.:
597 2258 709 2289 turbat
741 2257 845 2288 Pius:
886 2256 1035 2287 turbator
1066 2256 1187 2287 Iunius
1337 2265 1373 2293 13
1409 2259 1484 2285 ante

154 2303 280 2333 Verum
298 2303 497 2342 transposuit
514 2303 555 2332 Di
574 2301 778 2332 immortales
804 2301 837 2337 (l.
862 2301 915 2339 16)
934 2299 1140 2340 Herzragius:
1175 2303 1250 2330 ante
1272 2299 1384 2329 animo
1401 2298 1486 2329 Reid

159 2356 195 2384 15
221 2346 431 2376 conferemus
449 2350 518 2376 velt.
538 2357 545 2375 t
570 2345 781 2375 conseramus
800 2343 839 2373 M
948 2353 988 2382 23
1014 2354 1086 2373 sum
1106 2343 1153 2373 C:
1178 2348 1229 2373 est
1247 2342 1287 2372 M
1366 2342 1484 2372 πτῶσις

156 2390 296 2421 Hosius:
323 2390 412 2427 ῥῆσις
427 2389 521 2419 Seeck
646 2399 685 2427 27
712 2388 891 2426 expiscere
913 2387 1006 2417 Visa:
1033 2387 1210 2426 exspicere
1240 2387 1286 2417 C:
1311 2385 1481 2424 respicere

157 2432 197 2462 M
222 2432 293 2472 (sed
315 2443 363 2462 re·
389 2434 423 2463 in
452 2432 584 2472 rasura)
737 2431 947 2462 Alabarches
974 2431 1013 2467 Z,
1038 2431 1075 2469 cf.
1105 2429 1253 2460 Brandz's
1283 2435 1333 2470 ap.
1357 2429 1481 2468 Pauly-

161 2473 318 2506 Wzssowa
343 2476 374 2506 ii.
401 2486 464 2515 343
631 2475 672 2504 28
696 2475 828 2505 scilicet
845 2479 881 2505 ut
897 2474 989 2505 soles
1007 2472 1088 2504 κατὰ
1106 2468 1148 2504 Zb

200 2538 263 2561 cle.
284 2540 330 2560 AD
348 2539 419 2560 Ars.
1374 2528 1394 2558 5
