1773 2651
539 170 651 207 EPP.
683 170 761 206 AD
791 169 1051 207 ATTICVM
1400 169 1518 205 V1.v

148 295 290 331 meque
338 280 556 331 obiurgavit
604 288 733 319 vetere
781 280 988 331 proverbio
1034 282 1081 319 τὰ
1127 282 1194 330 μὲν
1241 280 1473 329 διδόμενα-.

148 346 319 396 Reliqua
338 346 428 384 vide
449 354 486 384 et
507 354 698 395 quantum
720 345 801 383 fieri
822 353 951 395 potest
972 345 1159 394 perspice.

202 412 287 449 Nos
308 410 379 448 etsi
400 424 576 448 annuum
594 418 749 460 tempus
770 424 892 460 prope
914 409 990 447 iam
1008 409 1213 447 emeritum
1231 409 1475 447 habebamus
1495 415 1519 452 3

148 475 249 526 (dies
286 475 391 514 enim
424 488 563 513 XXXIII
603 483 712 513 erant
750 475 916 525 reliqui),
952 474 1215 512 sollicitudine
1254 473 1477 524 provinciae

109 555 128 587 5
149 549 281 579 tamen
311 543 370 579 vel
407 540 574 578 maxime
606 541 851 589 urgebamur.
912 541 1015 579 Cum
1047 539 1153 577 enim
1187 541 1339 577 arderet
1370 538 1478 588 Syria

148 608 252 645 bello
288 614 325 644 et
358 606 522 643 Bibulus
557 606 596 643 in
629 613 739 644 tanto
774 618 948 643 maerore
987 618 1059 643 suo
1097 604 1308 642 maximam
1343 617 1475 641 curam

148 672 239 710 belli
257 671 464 709 sustineret
485 672 535 709 ad
557 685 700 720 meque
728 671 843 720 legati
871 671 953 708 eius
982 678 1164 720 quaestor
1192 678 1228 708 et
1249 669 1364 707 amici
1392 668 1476 707 eius

145 737 290 775 litteras
326 736 523 774 mitterent
562 744 604 774 ut
638 736 817 774 subsidio
850 735 1034 782 venirem,
1069 735 1141 773 etsi
1175 734 1386 773 exercitum
1422 734 1475 771 in-

145 803 301 840 firmum
337 802 547 849 habebam,
582 801 724 839 auxilia
763 815 857 839 sane
896 802 1002 839 bona
1040 802 1110 839 sed
1149 814 1195 838 ea
1233 801 1474 846 Galatarum,

87 880 126 902 10
146 866 379 913 Pisidarum,
398 866 607 916 Lyciorum
630 868 743 916 (haec
765 866 870 904 enim
891 874 982 904 sunt
1002 874 1134 904 nostra
1155 866 1322 914 robora),
1342 873 1474 903 tamen

145 946 230 970 esse
252 931 423 969 officium
446 945 578 969 meum
607 931 740 981 putavi
765 931 977 970 exercitum
999 931 1142 969 habere
1159 944 1277 980 quam
1299 929 1474 980 proxime

145 998 299 1034 hostem
330 997 462 1046 quoad
495 996 590 1033 mihi
621 1010 801 1046 praeesse
841 995 1065 1046 provinciae
1095 1009 1163 1045 per
1197 1002 1353 1033 senatus
1384 1008 1474 1033 con-

143 1063 287 1099 sultum
319 1061 461 1099 liceret.
522 1062 600 1099 Sed
631 1075 710 1111 quo
740 1074 812 1110 ego
843 1060 1010 1098 maxime
1040 1060 1277 1106 delectabar,
1309 1059 1473 1097 Bibulus

145 1128 332 1164 molestus
353 1126 449 1163 mihi
472 1139 552 1164 non
580 1134 671 1171 erat,
695 1127 745 1163 de
773 1125 957 1163 omnibus
980 1125 1095 1163 rebus
1124 1124 1318 1162 scribebat
1339 1124 1389 1161 ad
1410 1136 1472 1161 me

84 1206 121 1239 15
143 1191 284 1240 potius.
363 1193 413 1228 Et
452 1191 549 1228 mihi
588 1190 828 1228 decessionis
868 1190 951 1228 dies
990 1190 1200 1239 λεληθότως
1244 1188 1469 1238 obrepebat.

144 1256 223 1305 Qui
254 1270 344 1294 cum
374 1256 586 1301 advenerit,
620 1258 718 1294 ἄλλο
747 1257 955 1305 πρόβλημα
985 1269 1102 1305 quem
1135 1253 1371 1304 praeficiam,
1398 1252 1471 1290 nisi

144 1323 293 1360 Caldus
321 1329 505 1371 quaestor
537 1321 710 1367 venerit3
749 1322 799 1359 de
829 1334 909 1371 quo
943 1321 1074 1358 adhuc
1107 1318 1203 1357 nihil
1233 1317 1326 1357 certi
1356 1318 1471 1356 habe-

143 1387 292 1424 bamus.

197 1454 417 1505 Cupiebam
441 1469 504 1493 me
525 1456 683 1493 hercule
699 1454 915 1504 longiorem
933 1453 1140 1504 epistulam
1158 1454 1294 1498 facere,
1311 1452 1380 1489 sed
1395 1464 1468 1489 nec
1487 1461 1514 1498 4

84 1534 123 1555 20
142 1527 221 1557 erat
254 1533 312 1558 res
345 1521 394 1558 de
426 1533 504 1569 qua
533 1519 744 1558 scriberem
774 1533 847 1557 nec
877 1518 995 1557 iocari
1025 1532 1116 1569 prae
1155 1531 1247 1556 cura
1280 1523 1466 1566 poteram.

141 1587 178 1621 V
180 1585 302 1623 alebis
324 1584 438 1635 igitur
458 1593 495 1623 et
516 1586 670 1635 puellae
691 1586 856 1623 salutem
879 1584 1075 1622 Atticulae
1103 1583 1210 1622 dices
1234 1589 1469 1631 nostraeque

142 1649 272 1688 Piliae.

183 1768 250 1803 VI
431 1771 500 1803 Scr.
520 1772 632 1803 Rhodi
645 1772 713 1803 circ.
732 1773 763 1802 iv
780 1771 829 1802 Id.
847 1770 935 1802 Sext.
956 1782 985 1801 a.
1009 1782 1068 1811 704
1088 1771 1167 1811 (50).

547 1858 720 1888 CICERO
753 1857 922 1888 ATTICO
957 1857 1053 1888 SAL.

83 1963 120 1994 ²5
196 1948 280 1997 Ego
319 1948 414 1985 dum
450 1947 489 1984 in
529 1946 728 1996 provincia
767 1946 951 1984 omnibus
992 1946 1107 1984 rebus
1146 1945 1320 1996 Appium
1355 1956 1502 1994 orno,1

141 2011 271 2050 subito
310 2026 396 2050 sum
436 2014 559 2050 factus
598 2011 835 2050 accusatoris
874 2011 957 2049 eius
992 2024 1111 2049 socer.
1174 2013 1245 2050 ‘Id
1284 2011 1467 2061 quidem'

140 2076 269 2125 inquis
302 2077 363 2114 ‘di
393 2077 659 2127 approbentl'
718 2078 777 2114 Ita
807 2076 922 2114 velim
954 2084 1071 2126 teque
1103 2076 1155 2114 ita
1189 2089 1331 2126 cupere
1360 2084 1467 2115 certo

140 2140 232 2178 scio.
307 2143 384 2180 Sed
415 2143 531 2179 crede
564 2141 672 2182 mihi,
707 2141 803 2178 nihil
839 2141 967 2178 minus
1002 2149 1179 2190 putaram
1213 2154 1286 2190 ego
1315 2141 1381 2190 qui
1416 2143 1466 2179 de

140 2206 200 2243 Ti.
226 2208 384 2244 Nerone
406 2206 471 2256 qui
502 2220 656 2243 mecum
688 2213 817 2255 egerat
848 2213 975 2243 certos
1005 2205 1186 2243 homines
1207 2207 1257 2243 ad
1285 2205 1466 2244 mulieres

185 2320 202 2338 2
236 2309 401 2347 perspice.
469 2307 541 2337 Nos
576 2307 602 2336 C
627 2306 769 2337 Lamb.:
802 2309 968 2348 prospice.
1033 2309 1102 2338 Nos
1137 2309 1254 2341 Orelli:
1285 2309 1464 2348 perspicia-

141 2363 215 2383 mus
241 2351 281 2381 M
382 2362 398 2390 7
424 2351 559 2380 alterum
577 2350 650 2380 eius
672 2351 741 2382 secl.
761 2350 874 2380 Baiter
974 2361 994 2389 9
1019 2353 1079 2382 sed
1108 2353 1164 2389 ea]
1194 2353 1291 2384 dubia
1315 2353 1470 2383 vzdentur

141 2406 179 2425 21
205 2395 375 2426 Atticulae
400 2394 609 2433 Malaspina:
643 2394 815 2424 atticolate
841 2392 904 2424 Zl:
939 2395 1114 2426 asticulate
1140 2395 1211 2426 M¹:
1248 2397 1465 2436 Ἀττικωτάτῃ

141 2438 281 2479 Madvig
410 2438 451 2467 28
477 2447 541 2476 ego
557 2449 563 2467 :
586 2437 667 2476 quin
684 2436 832 2477 Madvig,
849 2436 906 2467 sed
917 2438 954 2476 cf.
975 2437 1052 2470 adn.
1071 2439 1199 2469 doctam
1217 2439 1348 2471 Mallem·

1320 2484 1378 2513 13*
