1773 2651
216 183 290 220 RV
646 184 700 220 M.
733 184 900 220 TVLLI
934 184 1241 223 CICERONIS

275 307 389 332 mane
420 294 703 344 proficiscentis
735 296 804 333 has
835 294 1003 333 dedisse.
1065 297 1125 333 Eo
1151 302 1284 334 autem
1310 295 1374 334 die
1399 297 1517 335 credo
1542 296 1607 334 ali-

274 358 370 408 quid
398 367 530 397 actum
562 359 600 397 in
632 367 780 398 senatu.
841 361 1062 409 Sequantur
1092 360 1207 410 igitur
1235 373 1308 399 nos
1338 367 1427 399 tuae
1457 361 1607 399 litterae

274 424 417 473 quibus
448 438 527 462 non
556 426 678 463 modo
705 438 765 463 res
795 424 924 462 omnis
951 426 1021 463 sed
1049 425 1166 463 etiarn
1191 439 1367 464 rumores
1397 439 1607 475 cognosca-

276 502 372 527 mus.
435 491 513 527 Eas
541 489 782 538 accipiemus
814 489 1023 537 Brundisi3
1054 490 1108 528 ibi
1138 490 1243 529 enim
1273 490 1529 540 Pomptinum
1555 492 1607 529 ad

232 565 256 591 2
276 567 362 591 eam
384 554 489 592 diem
507 567 625 603 quam
647 562 688 592 tu
710 553 895 604 scripsisti
917 562 1141 604 exspectare
1162 555 1371 594 consilium
1392 563 1460 594 est.
1522 557 1607 594 Nos
1629 565 1646 597 5

275 619 435 657 Tarenti
457 633 556 669 quos
578 633 669 657 cum
692 619 884 668 Pompeio
905 620 1100 672 διαλόγους
1120 621 1170 659 de
1191 634 1231 658 re
1252 619 1410 669 publica
1429 620 1609 658 habueri-

275 696 360 720 mus
390 684 441 721 ad
469 691 506 721 te
536 682 834 733 perscribemus.
896 683 981 722 Etsi
1006 684 1047 722 id
1074 684 1202 734 ipsum
1230 684 1327 722 scire
1355 684 1472 734 cupio
1497 686 1607 734 quod

273 749 324 786 ad
358 754 513 797 tempus
545 756 649 786 recte
683 749 734 786 ad
769 755 806 786 te
841 748 1011 787 scribere
1042 749 1202 798 possim,
1232 749 1272 787 id
1303 757 1361 787 est
1391 762 1509 798 quam
1540 749 1608 787 diu

276 815 429 851 Romae
456 815 606 852 futurus
637 813 699 860 sis,
726 821 767 852 ut
796 821 863 852 aut
890 827 970 863 quo
1000 815 1091 852 dem
1119 815 1284 864 posthac
1314 814 1459 852 litteras
1487 813 1608 852 sciam

274 886 340 915 aut
372 892 421 916 ne
456 879 546 916 dem
582 880 730 917 frustra.
791 879 870 917 Sed
904 886 995 917 ante
1026 892 1146 928 quam
1181 878 1438 928 proficiscare,
1472 878 1608 928 utique
1631 891 1669 914 10

275 943 511 992 explicatum
533 944 580 981 sit
601 944 697 982 illud
716 946 798 983 HS.
822 937 881 982 ὶῖἶ(
902 952 940 983 et
961 939 1076 982 [ffb
1122 945 1214 982 Hoc
1235 943 1352 982 velim
1374 943 1413 981 in
1430 942 1609 980 maximis

276 1009 391 1046 rebus
413 1016 450 1047 et
472 1009 640 1047 maxime
657 1009 886 1048 necessariis
907 1010 1065 1056 habeas,
1084 1016 1127 1048 ut
1147 1009 1256 1059 quod
1276 1015 1436 1048 auctore
1457 1015 1494 1047 te
1510 1009 1609 1046 velle

276 1073 390 1123 coepi
410 1073 589 1113 adiutore
609 1075 813 1124 adsequar.

320 1213 387 1248 VI
611 1217 681 1248 Ser.
708 1217 841 1248 Tarenti
853 1219 910 1248 xiv
925 1217 968 1249 K.
989 1217 1066 1248 Iun.
1086 1227 1115 1249 α.
1136 1226 1191 1257 705
1208 1216 1297 1257 (μ).

697 1308 872 1339 CICERO
897 1308 1071 1340 ATTICO
1098 1309 1194 1340 SAL.
1634 1324 1670 1355 15

242 1405 259 1431 1
331 1396 548 1434 Tarentum
573 1396 662 1434 veni
686 1410 718 1434 a.
743 1397 779 1434 d.
804 1409 860 1434 xv
884 1399 970 1435 Kal.
997 1397 1141 1435 Iunias.
1203 1398 1325 1445 Quod
1354 1396 1610 1447 Pomptinum

277 1468 488 1499 statueram
510 1470 747 1512 exspectare,
771 1462 1140 1501 commodissimum
1162 1462 1255 1501 duxi
1276 1462 1360 1501 dies
1385 1476 1453 1501 eos
1478 1463 1610 1512 quoad

277 1525 341 1564 ille
361 1525 508 1564 veniret
535 1540 626 1564 cum
655 1527 848 1576 Pompeio
875 1541 1108 1566 consumere
1138 1541 1265 1578 eoque
1290 1527 1412 1577 magis
1440 1528 1548 1577 quod
1575 1526 1610 1565 ei

275 1598 428 1641 gratum
456 1604 541 1629 esse
570 1591 611 1630 id
635 1591 831 1639 videbam,
855 1592 921 1642 qui
951 1592 1070 1631 etiam
1093 1606 1116 1630 a
1140 1606 1204 1630 me
1231 1591 1384 1642 petierit
1408 1599 1450 1630 ut
1474 1605 1608 1629 secum

277 1664 315 1696 et
334 1658 441 1706 apud
463 1670 504 1694 se
524 1669 651 1695 essem
673 1657 828 1696 cotidie.
885 1659 1006 1706 Quod
1027 1657 1204 1696 concessi
1225 1657 1401 1696 libenter.
1458 1658 1609 1695 Multos
1629 1667 1671 1689 20

277 1721 383 1760 enim
413 1721 496 1760 eius
523 1723 743 1771 praeclaros
772 1723 823 1761 de
852 1736 892 1761 re
918 1723 1077 1773 publica
1104 1737 1305 1761 sermones
1331 1722 1533 1772 accipiam,
1557 1721 1611 1760 in-

279 1794 402 1825 struar
422 1786 540 1825 etiam
561 1787 734 1825 consiliis
755 1787 909 1826 idoneis
928 1789 980 1826 ad
1001 1790 1077 1826 hoc
1098 1796 1275 1827 nostrum
1296 1787 1509 1838 negotium.

237 1861 262 1888 2
335 1853 413 1891 Sed
433 1853 483 1890 ad
505 1859 543 1890 te
570 1852 723 1891 brevior
742 1853 820 1891 iam
848 1854 887 1891 in
913 1853 1123 1892 scribendo
1150 1853 1296 1904 incipio
1318 1853 1398 1891 fieri
1426 1852 1613 1891 dubitans

283 1920 488 1956 Romaene
510 1917 561 1955 sis
587 1931 637 1956 an
665 1918 741 1956 iam
769 1921 978 1970 profectus.
1040 1920 1160 1968 Quod
1188 1927 1320 1957 tamen
1348 1920 1480 1968 quoad
1507 1917 1613 1968 igno—

281 1984 387 2030 rabo,
411 1983 579 2021 scribam
603 1984 753 2034 aliquid
780 1985 910 2034 potius
932 1998 1051 2035 quam
1080 1984 1326 2023 committam
1355 1992 1396 2022 ut
1426 1983 1497 2022 tibi
1522 1997 1612 2021 cum
1635 1998 1672 2030 ²5

281 2048 432 2098 possint
466 2049 578 2088 reddi
609 2063 632 2088 a
666 2064 730 2088 me
764 2050 914 2089 litterae
944 2064 1025 2089 non
1060 2051 1283 2089 reddantur.
1360 2050 1446 2088 Nec
1480 2056 1612 2087 tamen

281 2113 358 2151 iam
389 2114 518 2152 habeo
552 2116 661 2164 quod
690 2123 758 2153 aut
788 2116 977 2154 mandem
1005 2115 1075 2154 tibi
1104 2123 1172 2153 aut
1199 2128 1362 2153 narrem.
1423 2113 1613 2152 Mandavi

281 2178 440 2225 omnia3
469 2192 570 2229 quae
595 2180 756 2229 quidem
785 2188 838 2228 tu,
862 2188 904 2218 ut
930 2180 1136 2230 polliceris,
1160 2179 1373 2218 exhauries.
1434 2178 1614 2217 Narrabo

282 2257 372 2281 cum
394 2244 543 2294 aliquid
565 2245 723 2283 habebo
745 2245 846 2283 novi.
909 2247 1014 2283 Illud
1035 2253 1168 2283 tamen
1195 2258 1275 2282 non
1303 2244 1493 2290 desinam,
1516 2244 1612 2281 dum

282 2310 420 2347 adesse
442 2315 475 2346 le
501 2311 662 2359 putabo,
686 2311 736 2348 de
758 2309 936 2348 Caesaris
966 2310 1128 2348 nomine
1155 2322 1289 2359 rogare
1316 2316 1358 2346 ut
1388 2310 1613 2347 confectum
1634 2320 1674 2350 30

324 2423 347 2451 9
369 2424 438 2452 quo
455 2414 531 2444 dem
549 2413 643 2444 Man.
665 2425 672 2444 ε
697 2414 750 2444 cui
767 2414 843 2444 dem
857 2412 904 2443 C:
927 2414 1017 2452 quod
1035 2417 1087 2444 est
1104 2412 1145 2443 M
1235 2422 1268 2442 11
1297 2415 1370 2442 ante
1388 2411 1460 2443 HS.
1480 2410 1554 2442 add.
1570 2411 1613 2441 de

281 2455 415 2486 Ernesti
539 2466 577 2487 12
602 2462 636 2487 et
654 2457 800 2487 maxime
815 2467 878 2487 om.
899 2455 956 2486 M¹
1094 2466 1131 2495 17
1157 2456 1238 2487 duxi
1261 2453 1302 2485 H
1322 2458 1392 2486 vell.
1411 2465 1418 2484 τ
1450 2455 1531 2486 duxi
1554 2465 1613 2485 ex-

282 2504 437 2539 spectare
454 2499 495 2531 M
625 2511 668 2540 30
693 2505 726 2531 te
743 2499 817 2531 add.
837 2503 908 2531 vett.
