<?xml version="1.0" encoding="UTF-8"?>
<!DOCTYPE html PUBLIC "-//W3C//DTD XHTML 1.0 Transitional//EN"
    "http://www.w3.org/TR/xhtml1/DTD/xhtml1-transitional.dtd">
<html xmlns="http://www.w3.org/1999/xhtml" xml:lang="en" lang="en">
 <head>
  <title>
</title>
<meta http-equiv="Content-Type" content="text/html;charset=utf-8" />
  <meta name='ocr-system' content='tesseract 3.04.00' />
  <meta name='ocr-capabilities' content='ocr_page ocr_carea ocr_par ocr_line ocrx_word'/>
</head>
<body>
  <div class='ocr_page' id='page_1' title='image "./p1epistulaerecog02ciceuoft_0165.png"; bbox 0 0 1773 2651; ppageno 0'>
   <div class='ocr_carea' id='block_1_1' title="bbox 594 149 1592 186">
    <p class='ocr_par' dir='ltr' id='par_1_1' title="bbox 594 149 1592 186">
     <span class='ocr_line' id='line_1_1' title="bbox 594 149 1592 186; baseline 0.001 -1"><span class='ocrx_word' id='word_1_1' title='bbox 594 149 704 185; x_wconf 87' lang='lat' dir='ltr'>EPP.</span> <span class='ocrx_word' id='word_1_2' title='bbox 738 149 815 185; x_wconf 86' lang='lat' dir='ltr'>AD</span> <span class='ocrx_word' id='word_1_3' title='bbox 846 149 1105 186; x_wconf 68' lang='lat' dir='ltr'><strong>ATTICVM</strong></span> <span class='ocrx_word' id='word_1_4' title='bbox 1495 151 1540 186; x_wconf 80' lang='lat' dir='ltr'>V.</span> <span class='ocrx_word' id='word_1_5' title='bbox 1565 149 1592 186; x_wconf 90' lang='lat' dir='ltr'>ii</span> 
     </span>
    </p>
   </div>
   <div class='ocr_carea' id='block_1_2' title="bbox 142 257 1515 567">
    <p class='ocr_par' dir='ltr' id='par_1_2' title="bbox 179 257 1513 307">
     <span class='ocr_line' id='line_1_2' title="bbox 179 257 1513 307; baseline 0.001 -12"><span class='ocrx_word' id='word_1_6' title='bbox 179 259 229 296; x_wconf 89' lang='lat' dir='ltr'>ad</span> <span class='ocrx_word' id='word_1_7' title='bbox 259 271 321 295; x_wconf 90' lang='lat' dir='ltr'>me</span> <span class='ocrx_word' id='word_1_8' title='bbox 346 257 462 296; x_wconf 80' lang='lat' dir='ltr'>velim</span> <span class='ocrx_word' id='word_1_9' title='bbox 493 257 524 295; x_wconf 91' lang='lat' dir='ltr'>si</span> <span class='ocrx_word' id='word_1_10' title='bbox 552 257 647 307; x_wconf 84' lang='lat' dir='ltr'>quid</span> <span class='ocrx_word' id='word_1_11' title='bbox 679 257 748 295; x_wconf 87' lang='lat' dir='ltr'>erit</span> <span class='ocrx_word' id='word_1_12' title='bbox 774 259 882 306; x_wconf 84' lang='lat' dir='ltr'>quod</span> <span class='ocrx_word' id='word_1_13' title='bbox 906 261 1125 307; x_wconf 85' lang='lat' dir='ltr'>†operare†.</span> <span class='ocrx_word' id='word_1_14' title='bbox 1188 259 1379 297; x_wconf 85' lang='lat' dir='ltr'>Nondum</span> <span class='ocrx_word' id='word_1_15' title='bbox 1409 258 1513 297; x_wconf 88' lang='lat' dir='ltr'>enim</span> 
     </span>
    </p>

    <p class='ocr_par' dir='ltr' id='par_1_3' title="bbox 180 322 1515 371">
     <span class='ocr_line' id='line_1_3' title="bbox 180 322 1515 371; baseline 0.001 -11"><span class='ocrx_word' id='word_1_16' title='bbox 180 322 273 360; x_wconf 83' lang='lat' dir='ltr'>satis</span> <span class='ocrx_word' id='word_1_17' title='bbox 295 323 372 360; x_wconf 89' lang='lat' dir='ltr'>huc</span> <span class='ocrx_word' id='word_1_18' title='bbox 392 330 473 361; x_wconf 87' lang='lat' dir='ltr'>erat</span> <span class='ocrx_word' id='word_1_19' title='bbox 493 323 669 360; x_wconf 89' lang='lat' dir='ltr'>adlatum</span> <span class='ocrx_word' id='word_1_20' title='bbox 687 335 767 371; x_wconf 83' lang='lat' dir='ltr'>quo</span> <span class='ocrx_word' id='word_1_21' title='bbox 789 324 910 360; x_wconf 89' lang='lat' dir='ltr'>modo</span> <span class='ocrx_word' id='word_1_22' title='bbox 925 323 1070 361; x_wconf 85' lang='lat' dir='ltr'>Caesar</span> <span class='ocrx_word' id='word_1_23' title='bbox 1086 324 1200 361; x_wconf 90' lang='lat' dir='ltr'>ferret</span> <span class='ocrx_word' id='word_1_24' title='bbox 1217 325 1267 361; x_wconf 94' lang='lat' dir='ltr'>de</span> <span class='ocrx_word' id='word_1_25' title='bbox 1283 324 1515 363; x_wconf 86' lang='lat' dir='ltr'>auctoritate</span> 
     </span>
    </p>

    <p class='ocr_par' dir='ltr' id='par_1_4' title="bbox 180 386 1513 437">
     <span class='ocr_line' id='line_1_4' title="bbox 180 386 1513 437; baseline 0.002 -13"><span class='ocrx_word' id='word_1_26' title='bbox 180 386 402 437; x_wconf 85' lang='lat' dir='ltr'>perscripta,</span> <span class='ocrx_word' id='word_1_27' title='bbox 436 394 596 436; x_wconf 85' lang='lat' dir='ltr'>eratque</span> <span class='ocrx_word' id='word_1_28' title='bbox 627 400 759 424; x_wconf 88' lang='lat' dir='ltr'>rumor</span> <span class='ocrx_word' id='word_1_29' title='bbox 789 388 839 425; x_wconf 92' lang='lat' dir='ltr'>de</span> <span class='ocrx_word' id='word_1_30' title='bbox 869 387 1163 437; x_wconf 76' lang='lat' dir='ltr'>Transpadanis</span> <span class='ocrx_word' id='word_1_31' title='bbox 1193 401 1260 426; x_wconf 88' lang='lat' dir='ltr'>eos</span> <span class='ocrx_word' id='word_1_32' title='bbox 1294 388 1419 427; x_wconf 94' lang='lat' dir='ltr'>iussos</span> <span class='ocrx_word' id='word_1_33' title='bbox 1451 401 1513 427; x_wconf 92' lang='lat'>1111</span> 
     </span>
    </p>

    <p class='ocr_par' dir='ltr' id='par_1_5' title="bbox 142 451 1513 567">
     <span class='ocr_line' id='line_1_5' title="bbox 178 451 1513 501; baseline 0.002 -12"><span class='ocrx_word' id='word_1_34' title='bbox 178 451 281 490; x_wconf 87' lang='lat' dir='ltr'>viros</span> <span class='ocrx_word' id='word_1_35' title='bbox 302 465 441 490; x_wconf 85' lang='lat' dir='ltr'>creare.</span> <span class='ocrx_word' id='word_1_36' title='bbox 503 453 624 500; x_wconf 85' lang='lat' dir='ltr'>Quod</span> <span class='ocrx_word' id='word_1_37' title='bbox 655 451 685 489; x_wconf 90' lang='lat' dir='ltr'>si</span> <span class='ocrx_word' id='word_1_38' title='bbox 714 452 766 489; x_wconf 84' lang='lat' dir='ltr'>ita</span> <span class='ocrx_word' id='word_1_39' title='bbox 797 459 867 499; x_wconf 80' lang='lat' dir='ltr'>est,</span> <span class='ocrx_word' id='word_1_40' title='bbox 890 465 1051 501; x_wconf 83' lang='lat' dir='ltr'>magnos</span> <span class='ocrx_word' id='word_1_41' title='bbox 1082 461 1212 491; x_wconf 91' lang='lat' dir='ltr'>motus</span> <span class='ocrx_word' id='word_1_42' title='bbox 1244 452 1374 491; x_wconf 89' lang='lat' dir='ltr'>timeo.</span> <span class='ocrx_word' id='word_1_43' title='bbox 1434 455 1513 493; x_wconf 89' lang='lat' dir='ltr'>Sed</span> 
     </span>
     <span class='ocr_line' id='line_1_6' title="bbox 142 516 765 567; baseline -0.002 -12"><span class='ocrx_word' id='word_1_44' title='bbox 142 530 158 561; x_wconf 78' lang='lat'><strong><em>5</em></strong></span> <span class='ocrx_word' id='word_1_45' title='bbox 178 516 329 567; x_wconf 81' lang='lat' dir='ltr'>aliquid</span> <span class='ocrx_word' id='word_1_46' title='bbox 350 531 396 555; x_wconf 82' lang='lat' dir='ltr'>ex</span> <span class='ocrx_word' id='word_1_47' title='bbox 419 516 610 566; x_wconf 90' lang='lat' dir='ltr'>Pompeio</span> <span class='ocrx_word' id='word_1_48' title='bbox 631 516 765 555; x_wconf 86' lang='lat' dir='ltr'>sciam.</span> 
     </span>
    </p>
   </div>
   <div class='ocr_carea' id='block_1_3' title="bbox 221 649 1215 754">
    <p class='ocr_par' dir='ltr' id='par_1_6' title="bbox 221 649 1215 754">
     <span class='ocr_line' id='line_1_7' title="bbox 221 649 1215 693; baseline 0 -10"><span class='ocrx_word' id='word_1_49' title='bbox 221 649 293 683; x_wconf 84' lang='lat' dir='ltr'>III</span> <span class='ocrx_word' id='word_1_50' title='bbox 463 650 531 683; x_wconf 77' lang='lat' dir='ltr'>Scr.</span> <span class='ocrx_word' id='word_1_51' title='bbox 551 651 583 681; x_wconf 84' lang='lat' dir='ltr'>in</span> <span class='ocrx_word' id='word_1_52' title='bbox 608 651 790 682; x_wconf 78' lang='lat' dir='ltr'>Trebulano</span> <span class='ocrx_word' id='word_1_53' title='bbox 807 662 826 681; x_wconf 80' lang='lat' dir='ltr'><em>v</em></span> <span class='ocrx_word' id='word_1_54' title='bbox 842 651 889 682; x_wconf 79' lang='lat' dir='ltr'>Id.</span> <span class='ocrx_word' id='word_1_55' title='bbox 912 651 993 683; x_wconf 78' lang='lat' dir='ltr'>Mai.</span> <span class='ocrx_word' id='word_1_56' title='bbox 1013 663 1044 683; x_wconf 84' lang='lat' dir='ltr'>a.</span> <span class='ocrx_word' id='word_1_57' title='bbox 1066 662 1119 692; x_wconf 65' lang='lat'>705</span> <span class='ocrx_word' id='word_1_58' title='bbox 1139 653 1215 693; x_wconf 52' lang='lat'>¹51).</span> 
     </span>
     <span class='ocr_line' id='line_1_8' title="bbox 597 723 1093 754; baseline 0.002 -1"><span class='ocrx_word' id='word_1_59' title='bbox 597 723 773 753; x_wconf 80' lang='lat' dir='ltr'>CICERO</span> <span class='ocrx_word' id='word_1_60' title='bbox 799 723 970 754; x_wconf 83' lang='lat' dir='ltr'>ATTICO</span> <span class='ocrx_word' id='word_1_61' title='bbox 997 724 1093 754; x_wconf 78' lang='lat' dir='ltr'>SAL.</span> 
     </span>
    </p>
   </div>
   <div class='ocr_carea' id='block_1_4' title="bbox 112 797 1552 2009">
    <p class='ocr_par' dir='ltr' id='par_1_7' title="bbox 233 797 1549 841">
     <span class='ocr_line' id='line_1_9' title="bbox 233 797 1549 841; baseline 0.001 -6"><span class='ocrx_word' id='word_1_62' title='bbox 233 799 278 835; x_wconf 91' lang='lat' dir='ltr'>A.</span> <span class='ocrx_word' id='word_1_63' title='bbox 312 798 348 835; x_wconf 94' lang='lat' dir='ltr'>d.</span> <span class='ocrx_word' id='word_1_64' title='bbox 382 809 421 834; x_wconf 89' lang='lat' dir='ltr'>v1</span> <span class='ocrx_word' id='word_1_65' title='bbox 455 798 551 836; x_wconf 87' lang='lat' dir='ltr'>Idus</span> <span class='ocrx_word' id='word_1_66' title='bbox 586 797 712 835; x_wconf 83' lang='lat' dir='ltr'>Maias</span> <span class='ocrx_word' id='word_1_67' title='bbox 745 797 834 835; x_wconf 81' lang='lat' dir='ltr'>veni</span> <span class='ocrx_word' id='word_1_68' title='bbox 869 797 908 834; x_wconf 89' lang='lat' dir='ltr'>in</span> <span class='ocrx_word' id='word_1_69' title='bbox 936 799 1205 836; x_wconf 77' lang='lat' dir='ltr'>Trebulanum</span> <span class='ocrx_word' id='word_1_70' title='bbox 1233 800 1284 837; x_wconf 88' lang='lat' dir='ltr'>ad</span> <span class='ocrx_word' id='word_1_71' title='bbox 1313 798 1509 837; x_wconf 90' lang='lat' dir='ltr'>Pontium.</span> <span class='ocrx_word' id='word_1_72' title='bbox 1533 814 1549 841; x_wconf 95' lang='lat'>1</span> 
     </span>
    </p>

    <p class='ocr_par' dir='ltr' id='par_1_8' title="bbox 180 860 1509 902">
     <span class='ocr_line' id='line_1_10' title="bbox 180 860 1509 902; baseline 0.002 -4"><span class='ocrx_word' id='word_1_73' title='bbox 180 860 242 899; x_wconf 90' lang='lat' dir='ltr'>Ibi</span> <span class='ocrx_word' id='word_1_74' title='bbox 264 861 360 899; x_wconf 91' lang='lat' dir='ltr'>mihi</span> <span class='ocrx_word' id='word_1_75' title='bbox 382 869 471 900; x_wconf 89' lang='lat' dir='ltr'>tuae</span> <span class='ocrx_word' id='word_1_76' title='bbox 499 862 649 900; x_wconf 78' lang='lat' dir='ltr'>litterae</span> <span class='ocrx_word' id='word_1_77' title='bbox 677 862 793 900; x_wconf 88' lang='lat' dir='ltr'>binae</span> <span class='ocrx_word' id='word_1_78' title='bbox 814 862 991 901; x_wconf 69' lang='lat' dir='ltr'>redditae</span> <span class='ocrx_word' id='word_1_79' title='bbox 1019 871 1109 900; x_wconf 88' lang='lat' dir='ltr'>sunt</span> <span class='ocrx_word' id='word_1_80' title='bbox 1137 862 1251 901; x_wconf 90' lang='lat' dir='ltr'>tertio</span> <span class='ocrx_word' id='word_1_81' title='bbox 1280 863 1351 901; x_wconf 86' lang='lat' dir='ltr'>abs</span> <span class='ocrx_word' id='word_1_82' title='bbox 1376 871 1413 901; x_wconf 90' lang='lat' dir='ltr'>te</span> <span class='ocrx_word' id='word_1_83' title='bbox 1434 863 1509 902; x_wconf 87' lang='lat' dir='ltr'>die.</span> 
     </span>
    </p>

    <p class='ocr_par' dir='ltr' id='par_1_9' title="bbox 120 927 1552 1237">
     <span class='ocr_line' id='line_1_11' title="bbox 120 927 1511 977; baseline 0.001 -12"><span class='ocrx_word' id='word_1_84' title='bbox 120 941 160 966; x_wconf 82' lang='lat'>10</span> <span class='ocrx_word' id='word_1_85' title='bbox 179 927 335 965; x_wconf 89' lang='lat' dir='ltr'>Eodem</span> <span class='ocrx_word' id='word_1_86' title='bbox 362 935 495 965; x_wconf 87' lang='lat' dir='ltr'>autem</span> <span class='ocrx_word' id='word_1_87' title='bbox 526 927 658 964; x_wconf 76' lang='lat' dir='ltr'>exiens</span> <span class='ocrx_word' id='word_1_88' title='bbox 686 940 706 965; x_wconf 92' lang='lat' dir='ltr'>e</span> <span class='ocrx_word' id='word_1_89' title='bbox 736 927 980 977; x_wconf 86' lang='lat' dir='ltr'>Pompeiano</span> <span class='ocrx_word' id='word_1_90' title='bbox 1006 927 1221 966; x_wconf 86' lang='lat' dir='ltr'>Philotimo</span> <span class='ocrx_word' id='word_1_91' title='bbox 1245 929 1432 966; x_wconf 76' lang='lat' dir='ltr'>dederam</span> <span class='ocrx_word' id='word_1_92' title='bbox 1460 929 1511 966; x_wconf 89' lang='lat' dir='ltr'>ad</span> 
     </span>
     <span class='ocr_line' id='line_1_12' title="bbox 178 992 1511 1042; baseline 0.002 -13"><span class='ocrx_word' id='word_1_93' title='bbox 178 999 216 1030; x_wconf 93' lang='lat' dir='ltr'>te</span> <span class='ocrx_word' id='word_1_94' title='bbox 237 992 408 1035; x_wconf 85' lang='lat' dir='ltr'>litteras;</span> <span class='ocrx_word' id='word_1_95' title='bbox 439 1006 511 1030; x_wconf 88' lang='lat' dir='ltr'>nec</span> <span class='ocrx_word' id='word_1_96' title='bbox 535 1005 627 1030; x_wconf 76' lang='lat' dir='ltr'>vero</span> <span class='ocrx_word' id='word_1_97' title='bbox 656 1006 761 1030; x_wconf 91' lang='lat' dir='ltr'>nunc</span> <span class='ocrx_word' id='word_1_98' title='bbox 789 1000 870 1030; x_wconf 89' lang='lat' dir='ltr'>erat</span> <span class='ocrx_word' id='word_1_99' title='bbox 891 1006 985 1030; x_wconf 86' lang='lat' dir='ltr'>sane</span> <span class='ocrx_word' id='word_1_100' title='bbox 1013 993 1121 1042; x_wconf 87' lang='lat' dir='ltr'>quod</span> <span class='ocrx_word' id='word_1_101' title='bbox 1149 992 1370 1031; x_wconf 79' lang='lat' dir='ltr'>scriberem.</span> <span class='ocrx_word' id='word_1_102' title='bbox 1432 992 1511 1041; x_wconf 84' lang='lat' dir='ltr'>Qui</span> 
     </span>
     <span class='ocr_line' id='line_1_13' title="bbox 176 1057 1509 1108; baseline 0.002 -14"><span class='ocrx_word' id='word_1_103' title='bbox 176 1057 227 1094; x_wconf 92' lang='lat' dir='ltr'>de</span> <span class='ocrx_word' id='word_1_104' title='bbox 266 1070 306 1094; x_wconf 91' lang='lat' dir='ltr'>re</span> <span class='ocrx_word' id='word_1_105' title='bbox 345 1057 504 1106; x_wconf 82' lang='lat' dir='ltr'>publica</span> <span class='ocrx_word' id='word_1_106' title='bbox 543 1071 718 1096; x_wconf 91' lang='lat' dir='ltr'>rumores</span> <span class='ocrx_word' id='word_1_107' title='bbox 758 1057 893 1104; x_wconf 85' lang='lat' dir='ltr'>scribe,</span> <span class='ocrx_word' id='word_1_108' title='bbox 929 1071 1102 1107; x_wconf 77' lang='lat' dir='ltr'>quaeso3</span> <span class='ocrx_word' id='word_1_109' title='bbox 1143 1057 1183 1095; x_wconf 93' lang='lat' dir='ltr'>in</span> <span class='ocrx_word' id='word_1_110' title='bbox 1217 1058 1373 1108; x_wconf 83' lang='lat' dir='ltr'>oppidis</span> <span class='ocrx_word' id='word_1_111' title='bbox 1404 1058 1509 1097; x_wconf 90' lang='lat' dir='ltr'>enim</span> 
     </span>
     <span class='ocr_line' id='line_1_14' title="bbox 176 1122 1509 1172; baseline 0.002 -13"><span class='ocrx_word' id='word_1_112' title='bbox 176 1135 377 1160; x_wconf 90' lang='lat' dir='ltr'>summum</span> <span class='ocrx_word' id='word_1_113' title='bbox 407 1122 524 1161; x_wconf 80' lang='lat' dir='ltr'>video</span> <span class='ocrx_word' id='word_1_114' title='bbox 555 1122 735 1160; x_wconf 90' lang='lat' dir='ltr'>timorem</span> <span class='ocrx_word' id='word_1_115' title='bbox 767 1123 836 1161; x_wconf 92' lang='lat' dir='ltr'>sed</span> <span class='ocrx_word' id='word_1_116' title='bbox 867 1124 989 1161; x_wconf 87' lang='lat' dir='ltr'>multa</span> <span class='ocrx_word' id='word_1_117' title='bbox 1019 1123 1160 1161; x_wconf 88' lang='lat' dir='ltr'>inania.</span> <span class='ocrx_word' id='word_1_118' title='bbox 1235 1123 1344 1172; x_wconf 85' lang='lat' dir='ltr'>Quid</span> <span class='ocrx_word' id='word_1_119' title='bbox 1369 1124 1419 1161; x_wconf 91' lang='lat' dir='ltr'>de</span> <span class='ocrx_word' id='word_1_120' title='bbox 1449 1123 1509 1162; x_wconf 92' lang='lat' dir='ltr'>his</span> 
     </span>
     <span class='ocr_line' id='line_1_15' title="bbox 176 1187 1552 1237; baseline 0.004 -13"><span class='ocrx_word' id='word_1_121' title='bbox 176 1187 323 1237; x_wconf 80' lang='lat' dir='ltr'>cogites</span> <span class='ocrx_word' id='word_1_122' title='bbox 345 1194 383 1225; x_wconf 89' lang='lat' dir='ltr'>et</span> <span class='ocrx_word' id='word_1_123' title='bbox 403 1189 565 1237; x_wconf 84' lang='lat' dir='ltr'>quando</span> <span class='ocrx_word' id='word_1_124' title='bbox 587 1187 684 1226; x_wconf 89' lang='lat' dir='ltr'>scire</span> <span class='ocrx_word' id='word_1_125' title='bbox 705 1187 833 1225; x_wconf 78' lang='lat' dir='ltr'>velim.</span> <span class='ocrx_word' id='word_1_126' title='bbox 884 1189 949 1226; x_wconf 91' lang='lat' dir='ltr'>Ad</span> <span class='ocrx_word' id='word_1_127' title='bbox 971 1201 1068 1237; x_wconf 86' lang='lat' dir='ltr'>quas</span> <span class='ocrx_word' id='word_1_128' title='bbox 1089 1188 1234 1227; x_wconf 81' lang='lat' dir='ltr'>litteras</span> <span class='ocrx_word' id='word_1_129' title='bbox 1256 1188 1327 1227; x_wconf 89' lang='lat' dir='ltr'>tibi</span> <span class='ocrx_word' id='word_1_130' title='bbox 1348 1188 1507 1227; x_wconf 85' lang='lat' dir='ltr'>rescribi</span> <span class='ocrx_word' id='word_1_131' title='bbox 1527 1202 1552 1229; x_wconf 86' lang='lat'>2</span> 
     </span>
    </p>

    <p class='ocr_par' dir='ltr' id='par_1_10' title="bbox 118 1252 1508 1563">
     <span class='ocr_line' id='line_1_16' title="bbox 118 1252 1508 1304; baseline 0.001 -14"><span class='ocrx_word' id='word_1_132' title='bbox 118 1268 155 1299; x_wconf 88' lang='lat'>15</span> <span class='ocrx_word' id='word_1_133' title='bbox 175 1252 270 1291; x_wconf 87' lang='lat' dir='ltr'>velis</span> <span class='ocrx_word' id='word_1_134' title='bbox 300 1252 445 1291; x_wconf 89' lang='lat' dir='ltr'>nescio.</span> <span class='ocrx_word' id='word_1_135' title='bbox 507 1254 646 1291; x_wconf 87' lang='lat' dir='ltr'>Nullas</span> <span class='ocrx_word' id='word_1_136' title='bbox 675 1253 781 1291; x_wconf 89' lang='lat' dir='ltr'>enim</span> <span class='ocrx_word' id='word_1_137' title='bbox 811 1254 943 1291; x_wconf 88' lang='lat' dir='ltr'>adhuc</span> <span class='ocrx_word' id='word_1_138' title='bbox 972 1267 1201 1304; x_wconf 83' lang='lat' dir='ltr'>acceperam</span> <span class='ocrx_word' id='word_1_139' title='bbox 1227 1262 1378 1304; x_wconf 88' lang='lat' dir='ltr'>praeter</span> <span class='ocrx_word' id='word_1_140' title='bbox 1407 1267 1508 1304; x_wconf 83' lang='lat' dir='ltr'>quae</span> 
     </span>
     <span class='ocr_line' id='line_1_17' title="bbox 175 1317 1508 1368; baseline 0.002 -14"><span class='ocrx_word' id='word_1_141' title='bbox 175 1317 272 1354; x_wconf 88' lang='lat' dir='ltr'>mihi</span> <span class='ocrx_word' id='word_1_142' title='bbox 311 1317 428 1356; x_wconf 83' lang='lat' dir='ltr'>binae</span> <span class='ocrx_word' id='word_1_143' title='bbox 467 1317 583 1355; x_wconf 91' lang='lat' dir='ltr'>simul</span> <span class='ocrx_word' id='word_1_144' title='bbox 623 1317 662 1355; x_wconf 88' lang='lat' dir='ltr'>in</span> <span class='ocrx_word' id='word_1_145' title='bbox 702 1318 931 1356; x_wconf 85' lang='lat' dir='ltr'>Trebulano</span> <span class='ocrx_word' id='word_1_146' title='bbox 971 1318 1147 1357; x_wconf 78' lang='lat' dir='ltr'>redditae</span> <span class='ocrx_word' id='word_1_147' title='bbox 1187 1327 1302 1366; x_wconf 79' lang='lat' dir='ltr'>sunt3</span> <span class='ocrx_word' id='word_1_148' title='bbox 1342 1332 1508 1368; x_wconf 87' lang='lat' dir='ltr'>quarum</span> 
     </span>
     <span class='ocr_line' id='line_1_18' title="bbox 173 1382 1508 1433; baseline 0.001 -13"><span class='ocrx_word' id='word_1_149' title='bbox 173 1384 317 1421; x_wconf 82' lang='lat' dir='ltr'>alterae</span> <span class='ocrx_word' id='word_1_150' title='bbox 356 1382 531 1421; x_wconf 90' lang='lat' dir='ltr'>edictum</span> <span class='ocrx_word' id='word_1_151' title='bbox 572 1385 612 1420; x_wconf 90' lang='lat' dir='ltr'>P.</span> <span class='ocrx_word' id='word_1_152' title='bbox 645 1382 771 1420; x_wconf 93' lang='lat' dir='ltr'>Licini</span> <span class='ocrx_word' id='word_1_153' title='bbox 811 1383 1013 1421; x_wconf 85' lang='lat' dir='ltr'>habebant</span> <span class='ocrx_word' id='word_1_154' title='bbox 1052 1383 1177 1433; x_wconf 84' lang='lat' dir='ltr'>(erant</span> <span class='ocrx_word' id='word_1_155' title='bbox 1211 1392 1343 1422; x_wconf 83' lang='lat' dir='ltr'>autern</span> <span class='ocrx_word' id='word_1_156' title='bbox 1380 1383 1508 1422; x_wconf 88' lang='lat' dir='ltr'>Nonis</span> 
     </span>
     <span class='ocr_line' id='line_1_19' title="bbox 176 1447 1504 1498; baseline 0.002 -13"><span class='ocrx_word' id='word_1_157' title='bbox 176 1447 294 1485; x_wconf 89' lang='lat' dir='ltr'>Maiis</span> <span class='ocrx_word' id='word_1_158' title='bbox 333 1448 480 1497; x_wconf 73' lang='lat' dir='ltr'>datae),</span> <span class='ocrx_word' id='word_1_159' title='bbox 520 1449 663 1485; x_wconf 86' lang='lat' dir='ltr'>alterae</span> <span class='ocrx_word' id='word_1_160' title='bbox 703 1447 911 1498; x_wconf 87' lang='lat' dir='ltr'>rescriptae</span> <span class='ocrx_word' id='word_1_161' title='bbox 950 1449 1000 1486; x_wconf 88' lang='lat' dir='ltr'>ad</span> <span class='ocrx_word' id='word_1_162' title='bbox 1044 1461 1150 1486; x_wconf 88' lang='lat' dir='ltr'>meas</span> <span class='ocrx_word' id='word_1_163' title='bbox 1198 1449 1504 1487; x_wconf 86' lang='lat' dir='ltr'>Menturnensis.</span> 
     </span>
     <span class='ocr_line' id='line_1_20' title="bbox 174 1512 1507 1563; baseline 0.001 -12"><span class='ocrx_word' id='word_1_164' title='bbox 174 1514 307 1561; x_wconf 86' lang='lat' dir='ltr'>Quam</span> <span class='ocrx_word' id='word_1_165' title='bbox 338 1526 472 1551; x_wconf 82' lang='lat' dir='ltr'>vereor</span> <span class='ocrx_word' id='word_1_166' title='bbox 502 1526 551 1551; x_wconf 93' lang='lat' dir='ltr'>ne</span> <span class='ocrx_word' id='word_1_167' title='bbox 581 1512 677 1562; x_wconf 88' lang='lat' dir='ltr'>quid</span> <span class='ocrx_word' id='word_1_168' title='bbox 708 1513 822 1551; x_wconf 89' lang='lat' dir='ltr'>fuerit</span> <span class='ocrx_word' id='word_1_169' title='bbox 848 1513 1139 1563; x_wconf 84' lang='grc' dir='ltr'>σπουδαιότερον</span> <span class='ocrx_word' id='word_1_170' title='bbox 1159 1513 1198 1551; x_wconf 91' lang='lat' dir='ltr'>in</span> <span class='ocrx_word' id='word_1_171' title='bbox 1226 1513 1271 1551; x_wconf 90' lang='lat' dir='ltr'>iis</span> <span class='ocrx_word' id='word_1_172' title='bbox 1301 1527 1398 1563; x_wconf 88' lang='lat' dir='ltr'>quas</span> <span class='ocrx_word' id='word_1_173' title='bbox 1426 1528 1507 1552; x_wconf 90' lang='lat' dir='ltr'>non</span> 
     </span>
    </p>

    <p class='ocr_par' dir='ltr' id='par_1_11' title="bbox 113 1577 1506 1694">
     <span class='ocr_line' id='line_1_21' title="bbox 113 1577 1506 1629; baseline 0.001 -14"><span class='ocrx_word' id='word_1_174' title='bbox 113 1594 154 1616; x_wconf 87' lang='lat'>20</span> <span class='ocrx_word' id='word_1_175' title='bbox 172 1577 308 1628; x_wconf 84' lang='lat' dir='ltr'>accepi</span> <span class='ocrx_word' id='word_1_176' title='bbox 347 1577 491 1628; x_wconf 88' lang='lat' dir='ltr'>quibus</span> <span class='ocrx_word' id='word_1_177' title='bbox 534 1577 694 1616; x_wconf 87' lang='lat' dir='ltr'>rescribi</span> <span class='ocrx_word' id='word_1_178' title='bbox 733 1577 814 1616; x_wconf 78' lang='lat' dir='ltr'>visl</span> <span class='ocrx_word' id='word_1_179' title='bbox 871 1580 995 1628; x_wconf 73' lang='lat' dir='ltr'>Apud</span> <span class='ocrx_word' id='word_1_180' title='bbox 1029 1580 1242 1617; x_wconf 90' lang='lat' dir='ltr'>Lentulum</span> <span class='ocrx_word' id='word_1_181' title='bbox 1282 1592 1427 1629; x_wconf 87' lang='lat' dir='ltr'>ponam</span> <span class='ocrx_word' id='word_1_182' title='bbox 1468 1587 1506 1618; x_wconf 89' lang='lat' dir='ltr'>te</span> 
     </span>
     <span class='ocr_line' id='line_1_22' title="bbox 171 1643 373 1694; baseline 0.005 -13"><span class='ocrx_word' id='word_1_183' title='bbox 171 1643 212 1681; x_wconf 90' lang='lat' dir='ltr'>in</span> <span class='ocrx_word' id='word_1_184' title='bbox 240 1644 373 1694; x_wconf 87' lang='lat' dir='ltr'>gratia.</span> 
     </span>
    </p>

    <p class='ocr_par' dir='ltr' id='par_1_12' title="bbox 169 1709 1545 1891">
     <span class='ocr_line' id='line_1_23' title="bbox 228 1709 1545 1760; baseline 0.002 -13"><span class='ocrx_word' id='word_1_185' title='bbox 228 1709 442 1759; x_wconf 84' lang='lat' dir='ltr'>Dionysius</span> <span class='ocrx_word' id='word_1_186' title='bbox 473 1709 588 1748; x_wconf 93' lang='lat' dir='ltr'>nobis</span> <span class='ocrx_word' id='word_1_187' title='bbox 619 1709 728 1748; x_wconf 90' lang='lat' dir='ltr'>cordi</span> <span class='ocrx_word' id='word_1_188' title='bbox 759 1718 827 1748; x_wconf 87' lang='lat' dir='ltr'>est.</span> <span class='ocrx_word' id='word_1_189' title='bbox 889 1710 1063 1748; x_wconf 90' lang='lat' dir='ltr'>Nicanor</span> <span class='ocrx_word' id='word_1_190' title='bbox 1092 1718 1181 1748; x_wconf 89' lang='lat' dir='ltr'>tuus</span> <span class='ocrx_word' id='word_1_191' title='bbox 1213 1723 1373 1760; x_wconf 86' lang='lat' dir='ltr'>operam</span> <span class='ocrx_word' id='word_1_192' title='bbox 1405 1710 1502 1749; x_wconf 87' lang='lat' dir='ltr'>mihi</span> <span class='ocrx_word' id='word_1_193' title='bbox 1521 1721 1545 1758; x_wconf 86' lang='lat'><strong>3</strong></span> 
     </span>
     <span class='ocr_line' id='line_1_24' title="bbox 170 1775 1502 1825; baseline 0.001 -12"><span class='ocrx_word' id='word_1_194' title='bbox 170 1775 239 1813; x_wconf 87' lang='lat' dir='ltr'>dat</span> <span class='ocrx_word' id='word_1_195' title='bbox 268 1775 474 1825; x_wconf 82' lang='lat' dir='ltr'>egregiam.</span> <span class='ocrx_word' id='word_1_196' title='bbox 536 1776 621 1813; x_wconf 88' lang='lat' dir='ltr'>Iam</span> <span class='ocrx_word' id='word_1_197' title='bbox 652 1776 763 1813; x_wconf 86' lang='lat' dir='ltr'>deest</span> <span class='ocrx_word' id='word_1_198' title='bbox 793 1776 901 1825; x_wconf 84' lang='lat' dir='ltr'>quod</span> <span class='ocrx_word' id='word_1_199' title='bbox 933 1775 1100 1813; x_wconf 82' lang='lat' dir='ltr'>scribam</span> <span class='ocrx_word' id='word_1_200' title='bbox 1133 1782 1171 1813; x_wconf 90' lang='lat' dir='ltr'>et</span> <span class='ocrx_word' id='word_1_201' title='bbox 1205 1776 1319 1813; x_wconf 87' lang='lat' dir='ltr'>lucet.</span> <span class='ocrx_word' id='word_1_202' title='bbox 1380 1777 1502 1814; x_wconf 91' lang='lat' dir='ltr'>Bene-</span> 
     </span>
     <span class='ocr_line' id='line_1_25' title="bbox 169 1839 1503 1891; baseline 0.001 -14"><span class='ocrx_word' id='word_1_203' title='bbox 169 1840 276 1878; x_wconf 90' lang='lat' dir='ltr'>venti</span> <span class='ocrx_word' id='word_1_204' title='bbox 308 1840 531 1891; x_wconf 87' lang='lat' dir='ltr'>cogitabam</span> <span class='ocrx_word' id='word_1_205' title='bbox 571 1840 701 1879; x_wconf 88' lang='lat' dir='ltr'>hodie.</span> <span class='ocrx_word' id='word_1_206' title='bbox 763 1841 908 1879; x_wconf 84' lang='lat' dir='ltr'>Nostra</span> <span class='ocrx_word' id='word_1_207' title='bbox 947 1839 1191 1879; x_wconf 89' lang='lat' dir='ltr'>continentia</span> <span class='ocrx_word' id='word_1_208' title='bbox 1225 1847 1262 1878; x_wconf 90' lang='lat' dir='ltr'>et</span> <span class='ocrx_word' id='word_1_209' title='bbox 1301 1840 1503 1890; x_wconf 89' lang='lat' dir='ltr'>diligentia</span> 
     </span>
    </p>

    <p class='ocr_par' dir='ltr' id='par_1_13' title="bbox 112 1905 1500 2009">
     <span class='ocr_line' id='line_1_26' title="bbox 112 1905 1500 1949; baseline -0.001 -5"><span class='ocrx_word' id='word_1_210' title='bbox 112 1919 151 1949; x_wconf 75' lang='lat'>25</span> <span class='ocrx_word' id='word_1_211' title='bbox 170 1909 279 1945; x_wconf 89' lang='lat' dir='ltr'>†esse</span> <span class='ocrx_word' id='word_1_212' title='bbox 314 1905 406 1944; x_wconf 88' lang='lat' dir='ltr'>satis</span> <span class='ocrx_word' id='word_1_213' title='bbox 438 1905 627 1943; x_wconf 87' lang='lat' dir='ltr'>faciemus</span> <span class='ocrx_word' id='word_1_214' title='bbox 662 1905 764 1943; x_wconf 81' lang='lat' dir='ltr'>satis.</span> <span class='ocrx_word' id='word_1_215' title='bbox 826 1907 862 1942; x_wconf 89' lang='lat' dir='ltr'><strong>A</strong></span> <span class='ocrx_word' id='word_1_216' title='bbox 894 1905 1038 1944; x_wconf 90' lang='lat' dir='ltr'>Pontio</span> <span class='ocrx_word' id='word_1_217' title='bbox 1067 1919 1114 1943; x_wconf 87' lang='lat' dir='ltr'>ex</span> <span class='ocrx_word' id='word_1_218' title='bbox 1143 1905 1370 1943; x_wconf 87' lang='lat' dir='ltr'>Trebulano</span> <span class='ocrx_word' id='word_1_219' title='bbox 1400 1918 1432 1943; x_wconf 88' lang='lat' dir='ltr'>a.</span> <span class='ocrx_word' id='word_1_220' title='bbox 1462 1906 1500 1944; x_wconf 90' lang='lat' dir='ltr'>d.</span> 
     </span>
     <span class='ocr_line' id='line_1_27' title="bbox 170 1970 473 2009; baseline 0.003 -2"><span class='ocrx_word' id='word_1_221' title='bbox 170 1982 195 2007; x_wconf 85' lang='lat' dir='ltr'>V</span> <span class='ocrx_word' id='word_1_222' title='bbox 216 1971 312 2009; x_wconf 90' lang='lat' dir='ltr'>Idus</span> <span class='ocrx_word' id='word_1_223' title='bbox 335 1970 473 2008; x_wconf 89' lang='lat' dir='ltr'>Maias.</span> 
     </span>
    </p>
   </div>
   <div class='ocr_carea' id='block_1_5' title="bbox 167 2073 1503 2461">
    <p class='ocr_par' dir='ltr' id='par_1_14' title="bbox 167 2073 1503 2461">
     <span class='ocr_line' id='line_1_28' title="bbox 216 2073 1503 2114; baseline 0.002 -11"><span class='ocrx_word' id='word_1_224' title='bbox 216 2084 228 2103; x_wconf 94' lang='lat'>1</span> <span class='ocrx_word' id='word_1_225' title='bbox 255 2075 398 2104; x_wconf 81' lang='lat' dir='ltr'>odorere</span> <span class='ocrx_word' id='word_1_226' title='bbox 420 2073 580 2104; x_wconf 74' lang='lat' dir='ltr'>Vrsinus:</span> <span class='ocrx_word' id='word_1_227' title='bbox 596 2075 676 2113; x_wconf 72' lang='lat' dir='ltr'>sort.</span> <span class='ocrx_word' id='word_1_228' title='bbox 698 2085 822 2113; x_wconf 85' lang='lat' dir='ltr'>operae</span> <span class='ocrx_word' id='word_1_229' title='bbox 841 2079 891 2105; x_wconf 85' lang='lat' dir='ltr'>est</span> <span class='ocrx_word' id='word_1_230' title='bbox 1034 2075 1053 2104; x_wconf 91' lang='lat'>8</span> <span class='ocrx_word' id='word_1_231' title='bbox 1078 2084 1113 2104; x_wconf 76' lang='lat' dir='ltr'>vx</span> <span class='ocrx_word' id='word_1_232' title='bbox 1138 2074 1245 2114; x_wconf 70' lang='lat' dir='ltr'>vulg:</span> <span class='ocrx_word' id='word_1_233' title='bbox 1272 2084 1293 2103; x_wconf 80' lang='lat' dir='ltr'><strong>v</strong></span> <span class='ocrx_word' id='word_1_234' title='bbox 1311 2073 1352 2103; x_wconf 87' lang='lat' dir='ltr'><em>M</em></span> <span class='ocrx_word' id='word_1_235' title='bbox 1463 2085 1503 2105; x_wconf 93' lang='lat'>10</span> 
     </span>
     <span class='ocr_line' id='line_1_29' title="bbox 169 2116 1502 2158; baseline 0.001 -11"><span class='ocrx_word' id='word_1_236' title='bbox 169 2118 288 2147; x_wconf 83' lang='lat' dir='ltr'>exiens</span> <span class='ocrx_word' id='word_1_237' title='bbox 305 2128 323 2147; x_wconf 88' lang='lat' dir='ltr'>e</span> <span class='ocrx_word' id='word_1_238' title='bbox 342 2117 476 2148; x_wconf 82' lang='lat' dir='ltr'>Lamb.:</span> <span class='ocrx_word' id='word_1_239' title='bbox 501 2128 654 2157; x_wconf 78' lang='lat' dir='ltr'>expense</span> <span class='ocrx_word' id='word_1_240' title='bbox 672 2118 760 2149; x_wconf 86' lang='lat' dir='ltr'>codd.</span> <span class='ocrx_word' id='word_1_241' title='bbox 780 2119 816 2158; x_wconf 82' lang='lat' dir='ltr'>cf.</span> <span class='ocrx_word' id='word_1_242' title='bbox 836 2129 866 2149; x_wconf 81' lang='lat'>2.</span> <span class='ocrx_word' id='word_1_243' title='bbox 884 2129 902 2148; x_wconf 89' lang='lat'>2</span> <span class='ocrx_word' id='word_1_244' title='bbox 1005 2128 1042 2156; x_wconf 86' lang='lat'>13</span> <span class='ocrx_word' id='word_1_245' title='bbox 1067 2116 1134 2157; x_wconf 81' lang='lat' dir='ltr'>his]</span> <span class='ocrx_word' id='word_1_246' title='bbox 1152 2118 1237 2148; x_wconf 85' lang='lat' dir='ltr'>villis</span> <span class='ocrx_word' id='word_1_247' title='bbox 1257 2117 1414 2158; x_wconf 68' lang='lat' dir='ltr'>flladvzg:</span> <span class='ocrx_word' id='word_1_248' title='bbox 1439 2118 1502 2148; x_wconf 86' lang='lat' dir='ltr'>viis</span> 
     </span>
     <span class='ocr_line' id='line_1_30' title="bbox 171 2160 1500 2203; baseline 0.001 -13"><span class='ocrx_word' id='word_1_249' title='bbox 171 2160 311 2201; x_wconf 66' lang='lat' dir='ltr'>Vssizzg:</span> <span class='ocrx_word' id='word_1_250' title='bbox 328 2162 407 2199; x_wconf 81' lang='lat' dir='ltr'>fort.</span> <span class='ocrx_word' id='word_1_251' title='bbox 432 2161 493 2192; x_wconf 84' lang='lat' dir='ltr'>HS</span> <span class='ocrx_word' id='word_1_252' title='bbox 517 2161 587 2202; x_wconf 58' lang='lat' dir='ltr'>&lt;H</span> <span class='ocrx_word' id='word_1_253' title='bbox 610 2166 642 2191; x_wconf 86' lang='lat' dir='ltr'>et</span> <span class='ocrx_word' id='word_1_254' title='bbox 664 2161 777 2203; x_wconf 80' lang='lat' dir='ltr'>DCCC),</span> <span class='ocrx_word' id='word_1_255' title='bbox 800 2161 838 2201; x_wconf 83' lang='lat' dir='ltr'>cf.</span> <span class='ocrx_word' id='word_1_256' title='bbox 862 2171 892 2200; x_wconf 84' lang='lat'>5.</span> <span class='ocrx_word' id='word_1_257' title='bbox 912 2172 930 2191; x_wconf 89' lang='lat'>2</span> <span class='ocrx_word' id='word_1_258' title='bbox 1039 2172 1076 2200; x_wconf 85' lang='lat'>14</span> <span class='ocrx_word' id='word_1_259' title='bbox 1101 2167 1134 2191; x_wconf 87' lang='lat' dir='ltr'>et</span> <span class='ocrx_word' id='word_1_260' title='bbox 1159 2162 1294 2201; x_wconf 87' lang='lat' dir='ltr'>quando</span> <span class='ocrx_word' id='word_1_261' title='bbox 1319 2172 1383 2191; x_wconf 83' lang='lat' dir='ltr'>om.</span> <span class='ocrx_word' id='word_1_262' title='bbox 1413 2160 1500 2191; x_wconf 80' lang='lat' dir='ltr'>Rav.</span> 
     </span>
     <span class='ocr_line' id='line_1_31' title="bbox 172 2204 1500 2245; baseline 0 -11"><span class='ocrx_word' id='word_1_263' title='bbox 172 2207 210 2234; x_wconf 88' lang='lat'>16</span> <span class='ocrx_word' id='word_1_264' title='bbox 233 2204 331 2234; x_wconf 85' lang='lat' dir='ltr'>simul</span> <span class='ocrx_word' id='word_1_265' title='bbox 350 2205 450 2236; x_wconf 84' lang='lat' dir='ltr'>Rom.</span> <span class='ocrx_word' id='word_1_266' title='bbox 469 2216 474 2234; x_wconf 89' lang='lat'>:</span> <span class='ocrx_word' id='word_1_267' title='bbox 508 2205 614 2235; x_wconf 87' lang='lat' dir='ltr'>semel</span> <span class='ocrx_word' id='word_1_268' title='bbox 631 2204 673 2234; x_wconf 92' lang='lat' dir='ltr'><em>M</em></span> <span class='ocrx_word' id='word_1_269' title='bbox 791 2216 826 2244; x_wconf 94' lang='lat'>17</span> <span class='ocrx_word' id='word_1_270' title='bbox 854 2205 890 2235; x_wconf 89' lang='lat' dir='ltr'>P.</span> <span class='ocrx_word' id='word_1_271' title='bbox 911 2205 1017 2235; x_wconf 91' lang='lat' dir='ltr'>Licini</span> <span class='ocrx_word' id='word_1_272' title='bbox 1035 2206 1123 2245; x_wconf 77' lang='lat' dir='ltr'>vulg.</span> <span class='ocrx_word' id='word_1_273' title='bbox 1143 2217 1149 2234; x_wconf 73' lang='grc' dir='ltr'>ι</span> <span class='ocrx_word' id='word_1_274' title='bbox 1177 2204 1267 2244; x_wconf 89' lang='lat' dir='ltr'>publi</span> <span class='ocrx_word' id='word_1_275' title='bbox 1287 2205 1309 2234; x_wconf 93' lang='lat' dir='ltr'>li</span> <span class='ocrx_word' id='word_1_276' title='bbox 1327 2204 1426 2234; x_wconf 90' lang='lat' dir='ltr'>michi</span> <span class='ocrx_word' id='word_1_277' title='bbox 1443 2205 1500 2234; x_wconf 88' lang='lat' dir='ltr'>M:</span> 
     </span>
     <span class='ocr_line' id='line_1_32' title="bbox 168 2247 1501 2287; baseline 0.001 -10"><span class='ocrx_word' id='word_1_278' title='bbox 168 2247 206 2277; x_wconf 91' lang='lat' dir='ltr'>P.</span> <span class='ocrx_word' id='word_1_279' title='bbox 229 2247 362 2277; x_wconf 87' lang='lat' dir='ltr'>Lentuli</span> <span class='ocrx_word' id='word_1_280' title='bbox 388 2248 445 2287; x_wconf 80' lang='lat' dir='ltr'>(sc.</span> <span class='ocrx_word' id='word_1_281' title='bbox 471 2248 665 2287; x_wconf 53' lang='lat' dir='ltr'>sz&#39;ntlzm&#39;s</span> <span class='ocrx_word' id='word_1_282' title='bbox 693 2248 940 2287; x_wconf 75' lang='lat' dir='ltr'>Scln&#39;clzezfort.</span> <span class='ocrx_word' id='word_1_283' title='bbox 969 2248 1009 2287; x_wconf 82' lang='lat' dir='ltr'>Q.</span> <span class='ocrx_word' id='word_1_284' title='bbox 1041 2248 1129 2278; x_wconf 89' lang='lat' dir='ltr'>Muci</span> <span class='ocrx_word' id='word_1_285' title='bbox 1157 2249 1191 2279; x_wconf 91' lang='lat' dir='ltr'>P.</span> <span class='ocrx_word' id='word_1_286' title='bbox 1216 2248 1246 2281; x_wconf 83' lang='lat' dir='ltr'>f..</span> <span class='ocrx_word' id='word_1_287' title='bbox 1278 2249 1315 2286; x_wconf 72' lang='lat' dir='ltr'>ef</span> <span class='ocrx_word' id='word_1_288' title='bbox 1340 2248 1382 2278; x_wconf 83' lang='lat' dir='ltr'>vi.</span> <span class='ocrx_word' id='word_1_289' title='bbox 1414 2258 1438 2278; x_wconf 90' lang='lat'>1.</span> <span class='ocrx_word' id='word_1_290' title='bbox 1463 2258 1501 2287; x_wconf 88' lang='lat'>15</span> 
     </span>
     <span class='ocr_line' id='line_1_33' title="bbox 170 2290 1501 2330; baseline 0.002 -11"><span class='ocrx_word' id='word_1_291' title='bbox 170 2300 209 2329; x_wconf 92' lang='lat'>19</span> <span class='ocrx_word' id='word_1_292' title='bbox 234 2291 333 2321; x_wconf 85' lang='lat' dir='ltr'>fuerit</span> <span class='ocrx_word' id='word_1_293' title='bbox 350 2295 420 2322; x_wconf 82' lang='lat' dir='ltr'>vett.</span> <span class='ocrx_word' id='word_1_294' title='bbox 439 2303 445 2321; x_wconf 90' lang='lat'>:</span> <span class='ocrx_word' id='word_1_295' title='bbox 472 2292 580 2322; x_wconf 81' lang='lat' dir='ltr'>suerat</span> <span class='ocrx_word' id='word_1_296' title='bbox 598 2291 649 2320; x_wconf 72' lang='grc' dir='ltr'>Μ1</span> <span class='ocrx_word' id='word_1_297' title='bbox 667 2303 674 2321; x_wconf 76' lang='grc' dir='ltr'>ε</span> <span class='ocrx_word' id='word_1_298' title='bbox 700 2292 757 2322; x_wconf 84' lang='lat' dir='ltr'>fiat</span> <span class='ocrx_word' id='word_1_299' title='bbox 782 2291 836 2321; x_wconf 83' lang='lat' dir='ltr'>M²</span> <span class='ocrx_word' id='word_1_300' title='bbox 970 2302 1014 2322; x_wconf 85' lang='lat'>20</span> <span class='ocrx_word' id='word_1_301' title='bbox 1037 2291 1140 2330; x_wconf 86' lang='lat' dir='ltr'>Apud</span> <span class='ocrx_word' id='word_1_302' title='bbox 1159 2291 1232 2321; x_wconf 79' lang='lat' dir='ltr'>add.</span> <span class='ocrx_word' id='word_1_303' title='bbox 1253 2290 1326 2322; x_wconf 78' lang='lat' dir='ltr'>Vict.</span> <span class='ocrx_word' id='word_1_304' title='bbox 1459 2302 1501 2330; x_wconf 85' lang='lat'>23</span> 
     </span>
     <span class='ocr_line' id='line_1_34' title="bbox 169 2333 1497 2374; baseline 0.002 -11"><span class='ocrx_word' id='word_1_305' title='bbox 169 2333 404 2364; x_wconf 82' lang='lat' dir='ltr'>Beneventum</span> <span class='ocrx_word' id='word_1_306' title='bbox 422 2334 545 2364; x_wconf 75' lang='lat' dir='ltr'>Rosius</span> <span class='ocrx_word' id='word_1_307' title='bbox 686 2345 726 2374; x_wconf 86' lang='lat'>25</span> <span class='ocrx_word' id='word_1_308' title='bbox 753 2345 829 2365; x_wconf 86' lang='lat' dir='ltr'>esse</span> <span class='ocrx_word' id='word_1_309' title='bbox 846 2335 930 2365; x_wconf 85' lang='lat' dir='ltr'>satis</span> <span class='ocrx_word' id='word_1_310' title='bbox 951 2335 1032 2373; x_wconf 60' lang='lat' dir='ltr'>som.</span> <span class='ocrx_word' id='word_1_311' title='bbox 1053 2335 1102 2364; x_wconf 70' lang='lat' dir='ltr'>zwl</span> <span class='ocrx_word' id='word_1_312' title='bbox 1116 2334 1334 2364; x_wconf 79' lang='lat' dir='ltr'>omittendmn</span> <span class='ocrx_word' id='word_1_313' title='bbox 1356 2335 1405 2373; x_wconf 83' lang='lat' dir='ltr'>cf.</span> <span class='ocrx_word' id='word_1_314' title='bbox 1425 2337 1456 2366; x_wconf 87' lang='lat'>6.</span> <span class='ocrx_word' id='word_1_315' title='bbox 1485 2346 1497 2365; x_wconf 89' lang='lat'>1</span> 
     </span>
     <span class='ocr_line' id='line_1_35' title="bbox 168 2377 1499 2415; baseline 0.002 -9"><span class='ocrx_word' id='word_1_316' title='bbox 168 2377 225 2406; x_wconf 76' lang='lat' dir='ltr'>ubi</span> <span class='ocrx_word' id='word_1_317' title='bbox 246 2387 311 2408; x_wconf 86' lang='lat' dir='ltr'>voc.</span> <span class='ocrx_word' id='word_1_318' title='bbox 331 2383 527 2415; x_wconf 87' lang='lat' dir='ltr'>suspectare</span> <span class='ocrx_word' id='word_1_319' title='bbox 553 2377 659 2407; x_wconf 37' lang='lat' dir='ltr'>iterat}</span> <span class='ocrx_word' id='word_1_320' title='bbox 689 2379 738 2408; x_wconf 79' lang='lat' dir='ltr'>vel</span> <span class='ocrx_word' id='word_1_321' title='bbox 761 2379 793 2408; x_wconf 76' lang='lat' dir='ltr'>in</span> <span class='ocrx_word' id='word_1_322' title='bbox 816 2379 917 2408; x_wconf 86' lang='lat' dir='ltr'>etiam</span> <span class='ocrx_word' id='word_1_323' title='bbox 941 2378 1042 2409; x_wconf 89' lang='lat' dir='ltr'>sociis</span> <span class='ocrx_word' id='word_1_324' title='bbox 1066 2377 1288 2408; x_wconf 80' lang='lat' dir='ltr'>mutandum:</span> <span class='ocrx_word' id='word_1_325' title='bbox 1315 2378 1345 2408; x_wconf 89' lang='lat' dir='ltr'>ei</span> <span class='ocrx_word' id='word_1_326' title='bbox 1373 2379 1499 2409; x_wconf 86' lang='lat' dir='ltr'>civitati</span> 
     </span>
     <span class='ocr_line' id='line_1_36' title="bbox 167 2419 887 2461; baseline 0.001 -11"><span class='ocrx_word' id='word_1_327' title='bbox 167 2420 245 2452; x_wconf 84' lang='lat' dir='ltr'>com&#39;.</span> <span class='ocrx_word' id='word_1_328' title='bbox 270 2419 479 2461; x_wconf 81' lang='lat' dir='ltr'>Wesenberg:</span> <span class='ocrx_word' id='word_1_329' title='bbox 504 2421 745 2451; x_wconf 83' lang='lat' dir='ltr'>existimationi</span> <span class='ocrx_word' id='word_1_330' title='bbox 764 2421 887 2452; x_wconf 74' lang='lat' dir='ltr'>Mt&#39;iller</span> 
     </span>
    </p>
   </div>
  </div>
 </body>
</html>
