1732 2661
162 175 191 211 I.
215 175 291 211 xvi
582 177 636 212 M.
669 176 837 212 TVLLI
870 176 1176 213 CICERONIS

228 284 369 323 hirudo
389 285 520 331 aerari,
541 285 681 323 misera
701 299 746 323 ac
768 285 897 323 ieiuna
918 287 1133 335 plebecula,
1154 300 1216 324 me
1237 287 1287 323 ab
1307 287 1384 324 hoc
1405 288 1556 336 Magno

227 349 343 387 unice
363 349 471 399 diligi
493 357 614 399 putat,
633 357 671 387 et
693 351 850 388 hercule
872 352 994 388 multa
1015 363 1053 388 et
1074 350 1247 388 iucunda
1267 350 1555 388 consuetudine

226 413 426 452 coniuncti
457 414 556 452 inter
583 428 655 452 nos
683 428 818 452 sumus
845 428 970 464 usque
999 429 1046 453 eo
1068 423 1110 452 ut
1137 414 1258 452 nostri
1285 414 1347 452 isti
1374 414 1556 452 comissa-

226 486 328 516 tores
360 479 640 517 coniurationis
673 479 867 517 barbatuli
899 479 1059 518 iuvenes
1093 479 1202 517 illum
1236 479 1275 516 in
1306 479 1553 518 sermonibus

227 544 322 583 ‘Cn.
348 544 604 582 Ciceronem'
629 545 838 593 appellent.
901 546 1039 593 Itaque
1070 552 1107 582 et
1138 544 1240 582 ludis
1268 552 1305 582 et
1334 543 1552 594 gladiatori·
1571 555 1588 586 5

224 609 297 646 bus
319 608 516 647 mirandas
538 610 791 659 ἐπισημασίας
816 608 900 646 sine
925 610 1002 646 ulla
1022 609 1230 658 pastoricia
1257 610 1386 646 fistula
1408 610 1554 646 aufere-

224 673 374 711 bamus.

162 751 204 778 12
279 740 398 776 Nunc
429 746 486 776 est
517 738 758 789 exspectatio
786 738 1060 786 comitiorum3
1090 739 1129 776 in
1159 752 1259 789 quae
1286 738 1471 777 omnibus
1500 738 1555 775 in-

224 803 311 841 vitis
341 803 461 841 trudit
491 812 623 842 noster
652 805 822 854 Magnus
850 803 941 841 Auli
974 803 1097 841 filium
1129 812 1247 853 atque
1279 803 1318 841 in
1349 817 1397 842 eo
1425 816 1554 853 neque

223 868 457 906 auctoritate
478 882 609 918 neque
629 868 750 918 gratia
771 876 918 918 pugnat
939 869 1009 906 sed
1030 868 1172 918 quibus
1196 868 1399 918 Philippus
1421 868 1554 906 onmia
1576 882 1614 904 10

223 934 382 971 castella
421 933 632 983 expugnari
672 947 788 983 posse
827 932 998 979 dicebat,
1033 933 1072 970 in
1111 946 1212 982 quae
1252 934 1373 971 modo
1411 934 1553 971 asellus

223 1006 388 1036 onustus
409 1012 504 1036 auro
521 1006 654 1048 posset
674 999 898 1036 ascendere.
951 998 1100 1037 Consul
1117 1005 1249 1035 autem
1271 997 1334 1035 ille
1351 997 1552 1036 deterioris

223 1063 421 1101 histrionis
449 1063 585 1101 similis
616 1063 835 1113 suscepisse
863 1062 1065 1112 negotium
1092 1062 1235 1100 dicitur
1261 1070 1299 1100 et
1323 1061 1432 1100 domi
1459 1061 1553 1100 divi—

223 1141 329 1166 sores
351 1128 495 1166 habere
510 1143 520 1175 3
550 1129 659 1178 quod
687 1141 760 1178 ego
785 1141 865 1166 non
893 1128 1022 1166 credo.
1083 1129 1161 1166 Sed
1188 1135 1346 1165 senatus
1373 1128 1553 1165 consulta

222 1194 302 1230 duo
324 1193 401 1230 iam
423 1194 524 1231 facta
545 1201 634 1231 sunt
651 1193 800 1239 odiosa,
816 1194 924 1242 quod
946 1192 985 1229 in
1007 1193 1210 1230 consulem
1233 1193 1334 1229 facta
1353 1199 1549 1241 putantur,
1576 1206 1610 1237 ¹5

223 1258 376 1296 Catone
406 1266 444 1296 et
473 1258 652 1296 Domitio
682 1259 916 1308 postulante,
940 1271 1075 1303 unum,
1098 1265 1140 1294 ut
1169 1257 1276 1306 apud
1306 1256 1552 1306 magistratus

221 1322 363 1372 inquiri
385 1322 526 1369 liceret,
550 1324 728 1369 alterum,
751 1322 862 1360 cuius
883 1322 992 1361 domi
1020 1322 1208 1360 divisores
1234 1321 1468 1369 habitarent,
1487 1322 1553 1359 ad-

159 1396 201 1433 13
221 1400 353 1425 versus
375 1401 455 1425 rem
477 1387 688 1437 publicam.
750 1389 879 1425 Lurco
900 1395 1031 1425 autem
1055 1386 1232 1424 tribunus
1253 1387 1317 1436 pl.‚
1341 1386 1408 1436 qui
1436 1386 1551 1436 magi-

220 1460 383 1490 stratum
404 1452 587 1492 *tinsimul
609 1466 699 1490 cum
721 1453 805 1501 lege
831 1452 929 1491 alia†
951 1451 1049 1498 iniit,
1071 1452 1221 1489 solutus
1241 1459 1299 1488 est
1321 1458 1359 1489 et
1380 1451 1493 1489 Aelia
1513 1459 1551 1489 et

222 1518 331 1555 Fufia
358 1524 399 1555 ut
430 1518 556 1566 legem
585 1518 635 1555 de
661 1517 813 1555 ambitu
843 1518 968 1563 ferret,
993 1529 1111 1565 quam
1143 1515 1206 1553 ille
1237 1516 1345 1554 bono
1374 1515 1551 1566 auspicio
1572 1531 1612 1552 20

219 1583 383 1619 claudus
418 1583 540 1620 homo
572 1581 842 1631 promulgavit.
904 1582 965 1618 Ita
998 1580 1157 1619 comitia
1192 1580 1230 1618 in
1262 1594 1294 1618 a.
1322 1581 1358 1618 d.
1390 1593 1428 1618 V1
1461 1582 1547 1619 Kal.

221 1648 321 1684 Sext.
346 1646 466 1684 dilata
486 1654 587 1684 sunt.
651 1646 754 1684 Novi
775 1654 832 1684 est
860 1646 899 1683 in
927 1647 1010 1695 lege
1042 1647 1128 1691 hoc,
1153 1653 1194 1683 ut
1216 1645 1283 1695 qui
1305 1659 1489 1684 nummos
1510 1645 1549 1683 in

221 1710 322 1748 tribu
353 1711 622 1761 pronuntiarit,
647 1711 678 1748 si
708 1724 788 1748 non
818 1710 982 1756 dederit,
1014 1710 1176 1760 impune
1206 1710 1264 1756 sit,
1295 1710 1353 1747 sin
1385 1710 1546 1756 dederit,

221 1782 263 1813 ut
292 1776 425 1824 quoad
456 1775 559 1813 vivat
589 1775 749 1825 singulis
781 1775 988 1813 tribulibus
1022 1778 1092 1815 HS
1120 1788 1186 1814 cm
1210 1788 1276 1814 cm
1300 1788 1366 1814 Cio
1393 1776 1546 1814 debeat.

223 1839 313 1876 Dixi
335 1841 436 1878 hanc
457 1841 582 1889 legem
606 1842 645 1877 P.
663 1839 850 1879 Clodium
868 1839 944 1878 iam
961 1848 1052 1878 ante
1073 1854 1269 1887 servasse;
1298 1839 1549 1889 pronuntiare
1572 1856 1608 1887 25

221 1903 326 1943 enim
348 1904 506 1942 solitum
527 1918 612 1943 esse
633 1912 671 1943 et
692 1918 772 1943 non
794 1906 896 1943 dare.
958 1906 1036 1944 Sed
1060 1907 1157 1944 heus
1179 1908 1243 1943 tu!
1274 1905 1435 1943 videsne
1460 1919 1550 1943 con-

263 2019 282 2046 4
308 2008 447 2038 iuvenes
476 2008 654 2038 Ascensins
681 2009 741 2044 (ed.
774 2011 825 2040 11:
861 2014 959 2039 tuens
988 2009 1075 2039 codd.
1235 2019 1253 2047 5
1278 2009 1364 2039 ludis
1393 2014 1427 2040 et
1454 2013 1549 2040 vest:

220 2051 313 2081 ludet
345 2052 373 2081 si
405 2051 494 2082 codd.
661 2054 681 2082 8
702 2057 775 2092 post
806 2054 1015 2092 exspectatio
1043 2052 1117 2083 add.
1149 2054 1180 2082 in
1212 2051 1291 2081 MH
1315 2052 1403 2082 unde
1428 2054 1550 2092 ingens

222 2094 403 2133 θουεηιιιιε,
422 2096 498 2125 alii:
522 2106 586 2126 om.
609 2096 640 2125 in
660 2097 749 2126 ceteri
762 2096 847 2127 codd.
867 2096 936 2126 edd.
1058 2107 1144 2135 quae
1165 2095 1353 2126 Corradus:
1377 2106 1442 2134 qua
1459 2096 1546 2127 codd.

222 2147 260 2167 12
285 2138 436 2168 deterior
453 2138 635 2178 Sternkopf,
647 2139 728 2178 fort.
753 2143 848 2170 recle:
873 2139 1109 2179 δευτερεύοντος
1128 2139 1238 2169 Maur.
1260 2139 1417 2179 Seyffert:
1443 2139 1546 2170 Dote-

221 2181 327 2211 rionis
343 2181 463 2212 Bossus
597 2192 633 2221 17
659 2184 748 2213 domi
768 2181 860 2213 Man.
880 2195 886 2213 :
911 2184 1000 2213 modi
1019 2183 1107 2214 codd.
1259 2193 1296 2221 19
1320 2183 1454 2213 insimul
1472 2193 1546 2213 cum

223 2223 296 2254 M¹:
320 2225 418 2254 simul
442 2235 515 2255 curn
539 2226 629 2255 cetcm'
643 2226 732 2256 codd.
750 2238 756 2256 ε
791 2227 1016 2256 insimulatum
1041 2227 1186 2256 Μιιιινοε
1211 2226 1422 2256 insimulatus
1442 2225 1546 2257 Reid:

222 2267 254 2296 in
287 2267 456 2298 simultate
488 2279 561 2298 cum
589 2267 772 2308 Sternkopf
903 2269 1002 2299 Aelia
1032 2268 1152 2299 02M2:
1191 2269 1255 2299 alia
1284 2269 1367 2298 codd
1393 2281 1399 2299 :
1436 2269 1546 2299 Acilia

219 2309 432 2347 Dez'le1¹(cum
455 2312 680 2347 insimulatus)
707 2323 746 2342 sc.
772 2312 838 2351 lcge
858 2312 966 2342 Acilia
988 2312 1168 2352 Calpurnia
1190 2311 1228 2341 de
1248 2313 1374 2342 ambitu
1401 2323 1430 2342 a.
1459 2324 1489 2343 u.
1519 2323 1541 2343 c.

220 2354 283 2391 687
307 2358 373 2392 (617)
396 2354 461 2384 lata
604 2364 645 2393 23
671 2356 757 2386 tribu
785 2355 870 2385 codd.
891 2366 897 2385 :
931 2356 1036 2386 tribus
1061 2355 1082 2385 I
1105 2355 1217 2395 vulg:
1249 2356 1399 2386 tribubus
1421 2353 1545 2386 Wesen-

219 2396 294 2435 {mg
