1773 2651
157 170 203 208 V.
223 170 300 206 xvi
628 170 683 206 Μ.
716 170 882 206 TVLLI
916 168 1223 207 CICERONIS

253 283 402 321 solvere
423 295 503 320 non
524 294 650 331 posse,
669 282 760 321 ὠνὰς
780 279 958 318 omnium
980 279 1168 325 venditas,
1185 278 1387 317 civitatum
1407 279 1586 329 gemitus,

252 348 437 397 ploratus,
466 354 642 384 monstra
671 347 867 396 quaedam
900 358 981 383 non
1014 344 1185 383 hominis
1220 345 1290 382 sed
1321 345 1424 382 ferae
1453 344 1587 383 nescio

253 411 363 450 cuius
396 410 589 449 immanis.
650 409 759 459 Quid
792 409 974 459 quaeris?
1013 410 1144 447 taedet
1176 408 1340 446 omnino
1375 422 1443 447 eos
1473 408 1583 447 vitae.

209 481 234 519 3
254 479 452 516 Levantur
478 484 610 514 tamen
641 475 804 513 miserae
833 474 1008 513 civitates
1040 475 1148 524 quod
1178 475 1308 512 nullus
1335 474 1378 511 fit
1407 481 1586 524 sumptus

251 543 291 580 in
326 556 398 581 nos
437 556 566 593 neque
605 541 644 579 in
679 543 826 591 legatos
866 554 995 590 neque
1029 540 1068 578 in
1100 547 1348 590 quaestorem
1383 553 1512 589 neque
1546 539 1586 577 in
1607 552 1626 585 5

250 622 503 658 quemquam.
563 607 670 646 Scito
697 621 777 645 non
804 607 926 645 modo
953 619 1026 644 nos
1053 607 1214 644 foenum
1241 613 1307 644 aut
1329 607 1438 655 quod
1459 619 1480 643 e
1500 607 1586 655 lege

251 674 352 712 Iulia
384 674 467 712 dari
502 675 600 712 solet
640 686 721 711 non
759 672 938 722 accipere
977 672 1047 710 sed
1082 685 1131 709 ne
1165 671 1270 721 ligna
1303 670 1477 720 quidem,
1511 684 1584 709 nec

249 747 401 790 praeter
421 746 606 789 quattuor
632 739 754 776 lectos
780 745 817 776 et
839 745 987 775 tectum
1013 750 1253 786 quemquam
1281 735 1458 785 accipere
1480 735 1585 784 quic-

247 817 378 854 quam,
414 804 546 842 multis
580 803 677 842 locis
712 816 762 841 ne
797 810 944 840 tectum
981 801 1143 851 quidem
1183 808 1220 839 et
1256 800 1294 838 in
1330 800 1584 838 tabernaculo

246 883 406 908 manere
439 870 681 919 plerumque.
744 869 884 917 Itaque
919 866 1190 905 incredibilem
1223 866 1262 903 in
1298 866 1462 904 modum
1493 879 1584 903 con—
1606 881 1644 904 10

249 947 385 972 cursus
407 935 504 972 fiunt
521 948 567 972 ex
587 933 697 983 agris,
714 947 760 971 ex
776 931 884 979 vicis,
898 946 945 970 ex
965 931 1151 970 domibus
1172 930 1368 969 omnibus.
1412 932 1480 968 Me
1501 931 1584 969 her-

248 1001 335 1037 cule
356 999 474 1037 etiam
495 1001 668 1037 adventa
690 1006 824 1036 nostro
845 997 1090 1036 reviviscunt.
1153 996 1316 1043 Iustitia,
1332 995 1580 1042 abstinentia,

249 1065 459 1103 clementia
475 1064 529 1102 tui
546 1063 748 1103 Ciceronis
767 1061 932 1115 [itaque]
950 1062 1158 1112 opiniones
1179 1061 1357 1099 omnium
1374 1061 1580 1112 superavit.

204 1136 229 1172 4
251 1130 402 1180 Appius
425 1137 466 1168 ut
486 1129 634 1168 audivit
656 1142 727 1167 nos
748 1128 894 1175 venire>
907 1128 947 1166 in
968 1127 1145 1165 ultimam
1167 1126 1409 1177 provinciam
1431 1140 1471 1165 se
1492 1140 1583 1165 con-

248 1194 338 1233 iecit
354 1197 521 1232 Tarsum
543 1208 678 1244 usque.
740 1193 802 1232 Ibi
827 1195 954 1231 forum
978 1192 1066 1242 agit.
1128 1194 1190 1230 De
1212 1187 1357 1230 Partho
1383 1191 1581 1230 silentium
1604 1205 1643 1238 15

247 1266 319 1305 est,
332 1260 401 1297 sed
419 1267 550 1297 tamen
568 1258 749 1297 concisos
766 1257 917 1308 equites
939 1265 1093 1295 nostros
1112 1270 1136 1295 a
1152 1256 1325 1295 barbaris
1346 1256 1582 1295 nuntiabant

247 1322 271 1360 ii
293 1323 360 1373 qui
382 1323 602 1362 veniebant.
666 1322 830 1361 Bibulus
857 1336 907 1360 ne
934 1321 1131 1372 cogitabat
1152 1321 1314 1371 quidem
1337 1320 1454 1359 etiarn
1476 1334 1582 1359 nunc

245 1387 283 1425 in
321 1388 562 1438 provinciam
602 1401 712 1425 suam
752 1388 966 1434 accedere3
1004 1387 1044 1425 id
1077 1394 1210 1424 autern
1245 1387 1372 1424 facere
1407 1386 1458 1424 ob
1493 1400 1580 1424 eam

245 1466 404 1491 causam
445 1453 631 1491 dicebant
670 1453 779 1502 quod
818 1451 966 1491 tardius
1005 1453 1120 1490 vellet
1154 1452 1357 1490 decedere.
1421 1452 1506 1489 Nos
1540 1450 1580 1489 in

245 1525 371 1556 castra
400 1518 708 1568 properabamus
739 1531 839 1568 quae
868 1518 1031 1556 aberant
1062 1517 1189 1556 tridui.

288 1657 423 1693 XVII
468 1659 537 1692 Sc».
552 1661 585 1692 in
597 1661 706 1691 ilinere
716 1660 762 1690 ad
769 1665 873 1691 castra
885 1661 968 1691 inter
975 1661 1007 1691 iv
1016 1659 1064 1691 Id.
1079 1664 1107 1690 et
1112 1659 1197 1701 prid.
1208 1659 1260 1692 Id.
1271 1659 1361 1691 Sext.
1375 1671 1406 1692 a.
1423 1659 1502 1700 703(
1517 1659 1578 1701 51).

665 1739 841 1770 CICERO
866 1737 1038 1770 ATTICO
1065 1738 1164 1770 SAL.

209 1827 225 1854 1
298 1817 447 1867 Accepi
470 1819 599 1855 Roma
627 1816 710 1855 sine
738 1816 904 1867 epistula
926 1825 992 1855 tua
1016 1816 1247 1855 fasciculum
1268 1816 1508 1864 litterarum3
1537 1816 1577 1854 in

244 1896 338 1932 quo,
358 1882 389 1919 si
418 1883 538 1920 modo
563 1881 716 1920 valuisti
744 1890 782 1920 et
808 1883 962 1920 Romae
991 1881 1108 1929 fuisti,
1134 1881 1335 1920 Philotimi
1360 1882 1464 1920 duco
1492 1895 1577 1920 esse

243 1948 410 1996 culpam,
428 1960 507 1984 non
525 1954 643 1984 tuam.
697 1948 815 1985 Hanc
836 1946 1043 1996 epistulam
1060 1946 1205 1985 dictavi
1226 1947 1368 1985 sedens
1389 1946 1429 1984 in
1446 1949 1573 1995 raeda,
1599 1955 1636 1988 25

289 2059 301 2078 Ι
329 2048 460 2079 solvere
480 2058 546 2077 non
573 2058 670 2086 posse
695 2048 762 2078 sscl.
792 2049 924 2079 Ernesti
1076 2059 1096 2087 3
1120 2048 1258 2079 omnino
1279 2059 1336 2079 eos
1361 2049 1573 2089 Malaspina:

242 2093 390 2122 omnium
423 2102 483 2122 nos
514 2091 603 2122 codd.
775 2095 796 2122 6
821 2104 838 2122 e
863 2092 973 2123 ENP:
1015 2103 1056 2122 ex
1088 2093 1145 2123 H:
1187 2094 1228 2122 de
1258 2092 1330 2123 Ms:
1371 2104 1436 2123 om.
1473 2092 1574 2125 Rom.

246 2135 433 2175 lVesenbctg
546 2145 581 2165 11
610 2147 651 2165 ex
671 2136 826 2166 domibus
843 2137 1000 2166 omnibus
1028 2136 1102 2167 Vict.
1120 2148 1125 2166 :
1152 2147 1193 2166 ex
1212 2137 1402 2166 nominibus
1421 2136 1571 2168 (noibusl

241 2190 283 2209 ex
305 2179 461 2209 omnibus
486 2178 574 2208 codd.
594 2184 723 2218 praeter
749 2191 783 2209 s:
812 2190 855 2209 cx
881 2180 1043 2215 domibus.
1074 2191 1115 2210 ex
1139 2181 1294 2210 omnibus
1316 2190 1333 2209 s
1360 2179 1502 2218 svm-cll:
1530 2191 1573 2210 ex

240 2223 374 2261 oppidis
400 2223 554 2253 omnibus
580 2223 731 2253 Ernesti:
758 2234 801 2253 ex
828 2224 980 2253 domibus
999 2224 1071 2257 (dcl.
1098 2225 1199 2254 verbis
1227 2234 1270 2253 ex
1296 2224 1452 2253 omnibus
1478 2228 1514 2254 ut
1535 2235 1574 2254 ex

239 2266 458 2305 dz'llqgrapln'a
479 2267 571 2298 0771le
594 2265 713 2295 Gurlz'tt
850 2277 887 2296 12
912 2268 1030 2299 etiam]
1051 2268 1115 2297 iam
1138 2266 1326 2306 [Vesenberg
1460 2277 1498 2305 13
1523 2267 1570 2297 tui

239 2308 396 2339 EOM23:
434 2315 490 2340 tua
516 2308 644 2339 NHMl
803 2311 915 2348 itaque
942 2310 999 2340 del.
1025 2310 1214 2350 IVesenbmg
1230 2315 1265 2340 ut
1287 2321 1326 2340 ex
1348 2310 1368 2342 l.
1384 2320 1422 2340 10
1438 2315 1569 2340 ortum:

239 2363 347 2391 aeque
377 2353 516 2383 Gnrlitt:
555 2353 760 2383 reviviscunt
790 2353 968 2383 iustitia..
986 2378 994 2385 .
1016 2354 1212 2390 Ciceronis;
1251 2354 1295 2384 ita
1328 2354 1456 2385 Baiter:
1487 2354 1566 2392 fiiri.

242 2396 354 2434 itaque
376 2395 659 2436 transponendmn
683 2401 728 2426 est
752 2401 827 2426 mzte
849 2397 981 2436 Appius
1116 2408 1157 2428 20
1182 2397 1282 2427 tridui
1300 2397 1452 2428 Scln'clte:
1477 2397 1569 2427 bidui

239 2439 328 2470 codd.

1602 1523 1640 1544 20
