1732 2661
113 905 152 927 10

114 1562 152 1582 20

116 2212 154 2241 30

590 201 701 237 EPP.
734 199 812 235 AD
844 197 1105 236 ATTICVM
1476 197 1505 233 Ι.
1525 195 1615 232 xvii

171 324 305 349 vereor
344 310 448 349 enim
483 324 533 348 ne
567 311 662 348 dum
704 309 917 347 defendam
953 321 1062 345 meos
1102 321 1183 345 non
1223 321 1380 357 parcam
1416 307 1502 345 tuis.

171 378 276 414 Nam
297 376 352 414 sic
377 376 561 425 intellego
591 383 632 413 ut
660 374 757 412 nihil
777 388 800 411 a
821 372 1049 412 domesticis
1071 372 1241 410 vulneris
1272 373 1418 410 factum
1445 371 1503 418 sit,

170 441 266 480 illud
302 441 462 491 quidem
498 441 607 491 quod
641 448 722 478 erat
757 452 824 477 eos
860 446 964 476 certe
1003 451 1140 475 sanare
1180 437 1364 487 potuisse.
1425 438 1504 476 Sed

170 506 333 544 huiusce
354 505 407 543 rei
434 505 552 543 totius
574 504 724 550 vitium,
747 504 856 554 quod
884 502 1087 552 aliquanto
1108 501 1227 540 etiam
1254 501 1368 540 latius
1395 510 1502 551 patet

169 584 288 620 quam
315 570 478 616 videtur,
502 569 697 620 praesenti
722 568 793 606 tibi
821 566 1072 606 commodius
1099 580 1306 615 exponam.
1368 568 1429 605 De
1456 566 1500 604 iis
1520 577 1546 613 4

169 635 304 674 litteris
326 649 422 685 quas
443 636 493 672 ad
514 642 552 672 te
573 633 858 672 Thessalonica
879 632 984 670 misit
1005 640 1042 670 et
1063 633 1114 670 de
1135 631 1382 669 sermonibus
1404 645 1504 681 quos

169 701 220 738 ab
250 700 317 738 illo
344 708 382 737 et
413 701 567 737 Romae
595 699 703 747 apud
735 698 885 735 amicos
913 705 1002 735 tuos
1034 704 1072 734 et
1107 696 1147 733 in
1182 695 1319 734 itinere
1349 696 1504 734 habitos

170 773 294 815 putas,
327 764 471 814 ecquid
502 771 654 801 tantum
685 776 826 800 causae
857 762 905 800 sit
935 761 1083 811 ignoro,
1111 762 1180 800 sed
1211 761 1339 799 omnis
1369 761 1408 799 in
1439 770 1506 800 tua

170 829 298 879 posita
324 837 382 868 est
410 828 654 867 humanitate
685 828 780 865 mihi
808 841 897 877 spes
925 827 1040 865 huius
1068 827 1259 865 levandae
1289 826 1502 865 molestiae.

172 896 276 932 Nam
307 894 337 932 si
367 894 420 932 ita
449 893 640 940 statueris,
667 901 706 931 et
736 892 940 930 inritabilis
968 892 1122 930 animos
1150 905 1235 930 esse
1265 891 1506 942 optimorum

170 973 287 1009 saepe
308 959 516 997 hominum
533 966 570 997 et
588 959 751 997 eosdem
773 956 975 1008 placabilis
992 964 1030 995 et
1052 971 1136 995 esse
1158 958 1261 995 hanc
1281 956 1505 1007 agilitatem,

171 1033 212 1063 ut
233 1024 285 1063 ita
312 1024 453 1071 dicam,
478 1023 765 1073 mollitiamque
793 1031 954 1061 naturae
982 1024 1215 1073 plerumque
1242 1021 1429 1060 bonitatis
1456 1030 1505 1068 et,

171 1090 211 1129 id
241 1091 349 1140 quod
377 1098 495 1139 caput
523 1097 591 1135 est,
616 1089 730 1128 nobis
760 1089 859 1127 inter
886 1102 957 1126 nos
985 1095 1118 1125 nostra
1145 1087 1225 1125 sive
1253 1087 1509 1126 incommoda

171 1156 251 1194 sive
285 1155 376 1194 vitia
408 1155 488 1193 sive
522 1155 680 1193 iniurias
713 1168 798 1193 esse
833 1154 1067 1200 tolerandas,
1101 1153 1214 1191 facile
1247 1154 1356 1199 haec,
1388 1166 1508 1202 quem

171 1223 221 1260 ad
258 1223 422 1260 modum
463 1234 588 1271 spero,
627 1220 934 1270 mitigabuntur3
978 1220 1087 1269 quod
1119 1231 1193 1268 ego
1232 1226 1274 1256 ut
1313 1217 1430 1256 facias
1470 1225 1508 1256 te

171 1301 250 1325 oro.
323 1289 424 1325 Nam
461 1288 512 1325 ad
545 1300 608 1324 me
643 1285 710 1336 qui
743 1294 780 1323 te
815 1284 930 1323 unice
970 1283 1091 1333 diligo
1131 1283 1300 1321 maxime
1339 1283 1507 1333 pertinet

172 1353 372 1391 neminem
395 1366 479 1391 esse
501 1366 678 1391 meorum
701 1351 769 1401 qui
790 1358 857 1389 aut
879 1358 915 1388 te
937 1363 1018 1388 non
1042 1357 1149 1387 amet
1175 1357 1242 1387 aut
1269 1349 1339 1387 abs
1361 1357 1398 1387 te
1426 1362 1506 1387 non

170 1426 331 1456 ametur.

227 1485 299 1521 Illa
330 1497 416 1533 pars
445 1483 635 1533 epistulae
657 1491 746 1520 tuae
772 1481 933 1519 minime
955 1479 1026 1518 fuit
1047 1479 1267 1518 necessaria
1286 1479 1326 1517 in
1348 1493 1427 1529 qua
1446 1493 1506 1517 ex·
1526 1490 1550 1529 5

172 1548 286 1599 ponis
307 1562 403 1598 quas
425 1550 628 1587 facultates
649 1556 715 1586 aut
737 1545 1036 1597 provincialium
1057 1554 1123 1584 aut
1144 1546 1384 1584 urbanorum
1403 1559 1506 1583 com-

172 1615 382 1652 modorum
404 1622 441 1652 et
461 1613 546 1652 aliis
568 1613 812 1663 temporibus
840 1620 878 1650 et
903 1625 966 1649 me
990 1611 1076 1661 ipso
1097 1612 1261 1649 consule
1285 1610 1507 1661 praetermi-

171 1678 275 1716 seris.
338 1678 439 1715 Mihi
464 1678 569 1716 enim
598 1685 804 1728 perspecta
830 1684 888 1715 est
909 1684 946 1714 et
973 1675 1193 1726 ingenuitas
1215 1683 1253 1714 et
1274 1675 1506 1726 magnitudo

171 1744 293 1782 animi
315 1744 394 1791 tui,
424 1758 554 1794 neque
575 1757 647 1793 ego
669 1743 769 1782 inter
790 1757 852 1781 me
880 1750 998 1792 atque
1021 1750 1058 1780 te
1079 1742 1292 1792 quicquam
1320 1741 1507 1780 interesse

173 1823 362 1860 umquam
384 1809 477 1847 duxi
506 1817 657 1859 praeter
677 1810 921 1847 voluntatem
950 1808 1151 1846 institutae
1171 1807 1283 1854 vitae,
1308 1808 1416 1857 quod
1445 1821 1507 1844 me

136 1887 151 1917 ζ
173 1874 337 1912 ambitio
351 1875 546 1923 quaedam
563 1875 614 1911 ad
635 1875 831 1911 honorum
849 1873 1035 1919 studium,
1052 1880 1088 1911 te
1104 1880 1237 1911 autem
1253 1871 1329 1910 alia
1345 1871 1507 1909 minime

173 1941 499 1991 reprehendenda
527 1939 624 1978 ratio
651 1941 702 1977 ad
730 1941 941 1977 honestum
971 1938 1096 1977 otium
1122 1938 1242 1977 duxit.
1302 1940 1406 1976 Vera
1427 1937 1508 1988 qui-

173 2008 265 2045 dem
295 2007 412 2044 laude
443 2005 659 2056 probitatis,
689 2004 927 2054 diligentiae,
957 2004 1154 2054 religionis
1184 2017 1313 2053 neque
1345 2018 1406 2042 me
1437 2003 1508 2041 tibi

173 2086 303 2122 neque
333 2085 574 2121 quemquam
605 2078 816 2120 antepono,
847 2070 990 2108 amoris
1020 2084 1112 2108 vero
1143 2083 1232 2119 erga
1262 2083 1338 2116 me,
1365 2082 1455 2107 cum
1485 2083 1509 2106 a

174 2139 343 2175 fraterno
374 2151 507 2175 amore
538 2135 839 2185 domesticoque¹
871 2134 1043 2181 discessi,
1077 2135 1148 2173 tibi
1180 2134 1324 2184 primas
1359 2135 1504 2172 defero.

174 2202 266 2240 Vidi
288 2202 404 2248 enim,
428 2201 506 2240 vidi
534 2201 770 2251 penitusque
798 2199 975 2249 perspexi
1003 2199 1042 2236 in
1068 2199 1164 2237 meis
1185 2199 1298 2237 variis
1326 2198 1507 2248 tempori-
1526 2200 1553 2236 6

174 2267 246 2304 bus
277 2274 314 2304 et
344 2266 628 2304 sollicitudines
657 2273 694 2303 et
722 2264 887 2303 laetitias
917 2272 1014 2301 tuaS.
1076 2264 1165 2302 Fuit
1194 2263 1291 2301 mihi
1320 2277 1438 2313 saepe
1468 2271 1506 2302 et

174 2331 299 2368 laudis
330 2339 485 2369 nostrae
515 2330 721 2381 gratulatio
752 2338 818 2368 tua
848 2329 1021 2367 iucunda
1045 2336 1081 2367 et
1107 2328 1256 2366 timoris
1286 2328 1506 2367 consolatio

219 2445 259 2464 22
284 2439 317 2464 et
336 2438 381 2465 2:
405 2446 472 2466 om.
494 2440 521 2465 Δ
613 2435 808 2474 ingenuitas
827 2433 894 2463 ΣΜ
911 2434 1048 2474 (uzarg.)
1069 2433 1116 2463 C:
1141 2433 1321 2472 integritas
1339 2431 1381 2461 M
1465 2443 1507 2472 29

174 2487 288 2508 amore
306 2478 372 2509 secl.
391 2478 524 2509 Ernessz'
