1732 2661
521 173 633 209 EPP.
668 173 745 208 Al)
776 174 1037 211 ATTICVM
1463 175 1491 211 I.
1512 174 1620 211 xviii

140 289 209 320 aut
229 282 347 321 iocari
364 282 485 321 libere
504 290 572 320 aut
592 283 784 333 suspirare
801 283 1039 321 familiariter
1054 283 1262 333 possimus.
1324 285 1414 332 Qua
1435 298 1474 322 re

141 354 178 385 te
209 356 492 397 exspectamus,
523 355 561 385 te
590 347 870 393 desideramus,
902 355 939 386 te
970 347 1048 385 iam
1078 348 1196 386 etiam
1227 348 1471 386 arcessimus.

142 413 270 449 Multa
291 420 382 450 sunt
408 412 513 450 enim
531 426 633 461 quae
654 426 717 449 me
739 412 950 450 sollicitant
970 420 1224 462 finguntque,
1255 426 1356 462 quae
1378 412 1473 450 mihi

140 475 274 514 videor
304 476 406 514 auris
441 484 579 514 nactus
614 484 700 514 tuas
734 477 850 514 unius
883 477 1164 515 ambulationis
1198 490 1379 515 sermone
1414 492 1474 516 ex-

101 557 114 587 ;
140 540 293 579 haurire
314 555 439 591 posse.

192 607 252 643 Ac
282 605 589 644 domesticarum
621 607 781 656 quidem
810 606 1121 645 sollicitudinum
1151 609 1310 645 aculeos
1341 607 1470 645 omnis
1491 616 1514 643 2

138 678 176 708 et
216 673 420 720 scrupulos
459 672 670 709 occultabo
712 686 840 722 neque
880 686 953 721 ego
993 672 1084 709 huic
1124 672 1314 722 epistulae
1353 681 1472 723 atque

139 735 275 785 ignoto
296 736 499 774 tabellario
519 736 777 774 committam.
838 739 970 786 Atque
996 737 1035 774 hi
1057 737 1169 787 (nolo
1194 738 1299 775 enim
1329 745 1365 776 te
1393 752 1474 788 per-

139 800 304 850 moveri)
330 814 411 839 non
439 809 529 838 sunt
556 801 793 851 permolcsti,
823 803 891 839 sed
918 809 1049 840 tamen
1076 802 1248 840 insident
1274 811 1311 841 et
1337 811 1474 852 urgent

139 873 177 903 et
208 865 351 903 nullius
377 865 546 903 amantis
574 865 740 904 consilio
766 874 833 904 aut
859 880 1040 905 sermone
1068 867 1344 916 requiescunt3
1375 867 1413 905 in
1435 881 1474 905 re

138 929 298 980 publica
324 944 426 976 vero,
459 944 701 980 quamquam
731 930 886 968 animus
917 939 975 968 est
1006 945 1199 981 praesens,
1225 939 1357 970 tamen
1382 937 1474 971 †vo-

139 996 267 1032 luntas
295 994 413 1033 etiam
441 1003 560 1044 atque
590 994 708 1033 etiam
738 995 822 1044 ipsa
850 994 1047 1033 medicina
1077 996 1236 1034 efficiti·.
1298 999 1401 1035 Nam
1432 1005 1474 1035 ut

138 1073 185 1097 ea
214 1059 382 1098 breviter
409 1074 510 1109 quae
535 1067 624 1110 post
650 1068 761 1097 tuum
790 1059 1007 1098 discessum
1035 1069 1122 1099 acta
1147 1069 1237 1100 sunt
1263 1062 1469 1112 conligam,

139 1124 216 1162 iam
247 1127 442 1163 exclames
472 1138 634 1164 necesse
667 1133 725 1163 est
758 1139 817 1163 res
850 1127 1051 1163 Romanas
1082 1126 1229 1164 diutius
1260 1135 1360 1166 stare
1392 1142 1471 1166 non

105 1205 115 1211 ’
138 1204 265 1241 posse.
327 1191 487 1229 Etenim
514 1198 604 1241 post
629 1190 912 1240 profectionem
943 1198 1050 1229 tuam
1073 1191 1231 1241 primus,
1256 1200 1297 1230 ut
1319 1193 1470 1243 opinor,

138 1255 319 1294 introitus
358 1256 430 1294 fuit
468 1256 508 1294 in
547 1270 707 1294 causam
747 1256 902 1294 fabulae
939 1256 1169 1303 Clodianae,
1207 1257 1246 1295 in
1286 1272 1364 1308 qua
1398 1272 1472 1308 ego

138 1329 287 1369 nactus,
311 1329 352 1360 ut
378 1321 473 1359 mihi
495 1322 666 1368 videbar,
691 1323 822 1360 locum
852 1323 1088 1360 resecandae
1114 1322 1288 1361 libidinis
1310 1331 1347 1362 et
1368 1338 1472 1362 coer-

138 1388 289 1426 cendae
333 1387 546 1426 iuventutis
589 1388 802 1426 vehemens
842 1387 895 1425 fui
935 1396 973 1426 et
1012 1388 1142 1425 omnis
1190 1389 1347 1439 profudi
1383 1389 1471 1428 viris

138 1452 259 1490 animi
280 1460 398 1502 atque
419 1452 551 1503 ingeni
577 1452 654 1491 mei
683 1466 762 1490 non
788 1452 881 1490 odio
906 1454 1102 1491 adductus
1123 1453 1288 1492 alicuius
1310 1456 1380 1493 sed
1402 1468 1471 1505 spe

80 1535 93 1555 2
138 1517 392 1567 corrigendae
417 1525 456 1556 et
483 1518 682 1556 sanandae
710 1517 886 1555 civitatis.
947 1517 1120 1556 Adflicta
1147 1532 1207 1557 res
1233 1519 1392 1569 publica
1412 1528 1470 1558 est
1491 1534 1514 1570 3

138 1591 274 1633 empto
295 1591 630 1633 constupratoque
661 1583 818 1621 iudicio.
879 1583 983 1621 Vide
1004 1596 1104 1632 quae
1126 1583 1203 1621 sint
1223 1592 1361 1634 postea
1381 1598 1471 1623 con-

138 1657 282 1688 secuta.
343 1650 493 1688 Consul
522 1657 579 1687 est
612 1648 818 1698 impositus
846 1647 876 1685 is
901 1648 1016 1686 nobis
1040 1662 1159 1698 quem
1181 1662 1300 1687 nemo
1321 1658 1472 1700 praeter

140 1728 211 1753 nos
242 1714 501 1764 philosophos
531 1713 705 1763 aspicere
738 1713 822 1751 sine
845 1713 1028 1763 suspiritu
1060 1721 1202 1763 posset.
1263 1716 1468 1763 Quantum

138 1782 214 1819 hoc
241 1782 404 1818 vulnus!
437 1782 540 1818 facto
572 1788 729 1818 senatus
764 1780 946 1817 consulto
971 1780 1021 1817 de
1051 1779 1214 1827 ambitu,
1238 1781 1288 1818 de
1317 1780 1470 1819 iudiciis

81 1859 112 1888 Ξ,
138 1847 244 1883 1111113
261 1847 321 1884 lex
341 1847 498 1896 perlata,
519 1845 732 1895 exagitatus
751 1852 919 1891 senatuS,
940 1844 1098 1883 alienati
1115 1844 1266 1894 equites
1284 1846 1467 1883 Romani.

138 1911 201 1949 Sic
232 1911 295 1950 ille
322 1925 448 1950 annus
479 1913 560 1950 duo
591 1913 838 1949 firmamenta
869 1910 922 1949 rei
954 1909 1136 1960 publicae
1160 1923 1229 1960 per
1256 1924 1318 1949 me
1346 1925 1469 1948 unum

138 1976 350 2014 constituta
380 1976 541 2021 evertit;
572 1990 662 2014 nam
695 1984 732 2014 et
761 1984 919 2014 senatus
950 1975 1224 2014 auctoritatem
1259 1975 1402 2013 abiecit
1432 1983 1470 2014 et

139 2041 320 2079 ordinum
343 2041 598 2080 concordiam
625 2040 802 2079 diiunxit.
866 2042 991 2078 Instat
1019 2040 1083 2078 hic
1116 2053 1220 2078 nunc
1250 2040 1313 2078 ille
1342 2054 1469 2078 annus

138 2106 323 2156 egregius.
386 2106 480 2144 Eius
510 2106 664 2144 initium
687 2106 769 2143 eius
792 2105 899 2143 modi
922 2105 992 2143 fuit
1014 2113 1055 2143 ut
1078 2105 1340 2144 anniversaria
1362 2119 1469 2144 sacra

142 2171 356 2209 Iuventatis
388 2185 467 2209 non
498 2171 860 2214 c01nmitterentur;
903 2184 993 2208 nam
1036 2172 1090 2208 M.
1126 2171 1279 2208 Luculli
1308 2185 1468 2210 uxorem

181 2277 201 2305 8
219 2275 321 2314 Atqui
335 2276 445 2305 Baiter
519 2285 564 2308 11,
586 2285 622 2304 12
639 2275 793 2304 voluntas
805 2298 811 2304 .
830 2299 835 2305 .
852 2299 857 2304 .
877 2274 947 2312 ipsa
963 2284 1014 2303 me
1029 2274 1142 2303 deficit
1159 2273 1235 2304 Vm.
1252 2287 1257 2304 :
1282 2275 1421 2306 vulnus.
1436 2300 1442 2306 .
1457 2299 1464 2306 .

139 2321 210 2358 ipsa
227 2319 394 2349 medicina
411 2320 509 2349 efficit
528 2318 711 2358 Slcrnleopf
720 2318 783 2347 Leo
874 2319 912 2347 18
937 2317 997 2357 fui]
1018 2318 1091 2347 ssavi
1104 2317 1202 2346 Klotz
1219 2321 1396 2358 tamquam
1411 2319 1469 2348 ‘ex

138 2362 202 2393 cod.
224 2362 323 2392 Crem
480 2372 528 2401 19,
547 2372 589 2392 20
613 2372 673 2400 spe
692 2372 759 2391 non
778 2361 1002 2399 corrigendae
1020 2361 1082 2390 sed
1098 2361 1271 2391 sanandae
1288 2359 1328 2392 Zl
1345 2361 1434 2392 Rom
1451 2362 1470 2391 I

138 2415 179 2443 23
203 2405 347 2444 suspirio
366 2409 436 2436 velt.
540 2406 645 2444 possit
663 2405 738 2435 coni.
760 2405 882 2434 Muller
968 2406 1010 2434 26
1034 2403 1089 2433 ille
1106 2404 1172 2435 secl.
1193 2403 1304 2435 Baiter

181 2459 243 2479 cxc.
264 2458 311 2478 AD
331 2458 403 2478 Αττ.
1361 2449 1380 2478 3
