1732 2661
125 570 141 600 5

104 897 142 920 10

100 1686 138 1707 20

568 187 679 222 ΕΡΡ.
713 187 790 223 AD
821 188 1081 225 ATTICVM
1430 189 1482 225 II.
1506 187 1614 224 xviii

162 296 258 334 mihi
280 310 353 335 nec
374 297 457 335 sine
477 310 634 335 summo
655 297 783 335 scribo
804 299 950 336 dolore.
1013 300 1082 336 Me
1103 306 1215 337 tueor
1236 307 1276 336 ut
1298 299 1492 349 oppressis

162 361 348 400 omnibus
372 376 452 400 non
473 362 656 409 demisse,
678 370 721 400 ut
748 363 864 400 tantis
892 364 1007 402 rebus
1028 363 1146 413 gestis
1173 377 1311 414 parum
1333 365 1489 403 fortiter.

161 429 199 465 A
219 429 387 467 Caesare
413 429 526 466 valde
554 428 762 466 liberaliter
789 428 931 466 invitor
951 429 990 466 in
1012 429 1247 478 legationem
1280 430 1395 476 illam,
1419 430 1493 468 sibi

162 500 204 530 ut
233 492 306 530 sim
337 494 496 542 legatus,
518 501 637 542 atque
658 493 775 531 etiam
797 493 918 532 libera
939 494 1080 543 legatio
1110 494 1190 532 voti
1221 508 1338 532 causa
1367 496 1490 533 datur.

163 558 241 596 Sed
258 558 355 595 haec
376 565 414 595 et
435 557 603 607 praesidi
620 559 726 607 apud
744 560 937 608 pudorem
954 559 1145 597 Pulchelli
1169 573 1248 597 non
1266 560 1385 598 habet
1402 560 1493 597 satis

162 630 200 660 et
223 636 246 660 a
270 622 394 660 fratris
421 623 593 661 adventu
619 637 682 661 me
709 624 873 673 ablegat,
899 624 963 662 illa
990 632 1028 662 et
1053 625 1239 663 munitior
1266 634 1323 663 est
1351 633 1387 663 et
1414 639 1492 663 non

162 687 327 738 impedit
353 701 434 738 quo
466 687 596 726 minus
627 688 753 726 adsim
782 702 903 738 quom
936 690 1063 728 velim.
1126 692 1244 728 Hanc
1275 705 1347 740 ego
1378 698 1494 728 teneo

161 753 231 790 sed
270 766 430 790 usurum
472 766 534 790 me
573 766 653 791 non
689 761 796 803 puto,
831 768 960 803 neque
996 762 1127 793 tamen
1163 755 1234 793 scit
1270 755 1489 805 quisquam.

161 818 255 855 Non
289 818 398 855 lubet
429 818 569 866 fugere,
607 831 704 856 aveo
736 832 919 868 pugnare.
981 821 1128 868 Magna
1162 828 1251 857 sunt
1286 820 1491 857 hominum

161 881 300 920 studia.
360 883 438 919 Sed
460 882 556 919 nihil
577 883 769 929 adfirmo3
800 890 839 920 tu
860 885 936 922 hoc
958 884 1100 922 silebis,

216 948 277 984 De
299 946 422 984 Statio
440 960 558 983 manu
580 947 700 985 misso
717 955 754 985 et
771 961 851 985 non
869 948 985 986 nullis
1005 949 1089 986 aliis
1111 950 1226 987 rebus
1247 963 1368 999 angor
1388 951 1492 1000 equi·
1511 962 1537 997 4

160 1012 266 1058 dem,
287 1012 356 1049 sed
377 1010 453 1048 iarn
475 1025 632 1061 prorsus
654 1012 830 1050 occallui.
890 1014 953 1050 Tu
970 1015 1110 1051 vellem
1132 1028 1205 1064 ego
1226 1016 1286 1053 vel
1307 1029 1491 1065 cuperem

159 1077 341 1123 adesses3
372 1090 445 1114 nec
475 1076 571 1113 mihi
603 1077 809 1115 consilium
838 1091 912 1115 nec
939 1078 1158 1117 consolatio
1189 1081 1352 1118 deesset.
1413 1081 1491 1118 Sed

160 1140 213 1178 ita
235 1148 272 1179 te
292 1154 386 1190 para
407 1149 458 1187 ut,
484 1141 515 1179 si
537 1141 761 1189 inclamaro,
785 1143 956 1181 advoles.

203 1293 312 1328 XIX
438 1297 505 1329 Scr.
527 1297 655 1328 Romae
673 1298 777 1329 medio
795 1310 842 1329 m.
861 1300 971 1338 Quint.
990 1310 1018 1330 a.
1040 1300 1098 1340 695
1115 1301 1203 1341 (59).

572 1386 747 1417 CICERO
780 1387 951 1417 ATTICO
985 1387 1080 1418 SAL.

214 1476 342 1512 Multa
368 1488 431 1512 me
458 1474 669 1512 sollicitant
694 1483 732 1513 et
759 1489 806 1513 ex
831 1475 884 1513 rei
912 1476 1094 1526 publicae
1119 1484 1229 1517 tanto
1254 1487 1363 1518 motu
1385 1487 1423 1518 et
1445 1495 1490 1519 ex
1511 1495 1527 1522 1

157 1539 202 1577 iis
223 1539 403 1589 periculis
420 1553 520 1589 quae
543 1540 638 1577 mihi
660 1540 733 1590 ipsi
755 1541 1012 1579 intenduntur
1028 1550 1065 1580 et
1082 1551 1259 1582 sescenta
1276 1553 1390 1593 sunt3
1420 1548 1490 1585 sed

158 1604 254 1642 mihi
275 1604 371 1642 nihil
393 1612 451 1643 est
473 1605 674 1643 molestius
697 1619 815 1655 quam
840 1606 1005 1644 Statium
1029 1621 1148 1645 manu
1170 1608 1332 1647 missum
1350 1625 1356 1647 :

215 1671 324 1708 ‘Ne'c
355 1684 487 1708 meum
524 1671 742 1721 imperium,
774 1686 820 1709 ac
850 1673 964 1710 mitto
998 1672 1216 1723 imperium,
1250 1675 1330 1714 non
1360 1677 1489 1716 simul-

318 1736 437 1774 tate'm
469 1750 597 1774 meam

240 1802 423 1840 Revere'ri
453 1804 591 1841 saltem
609 1806 615 1840 1
633 1804 640 1819 ²

157 1867 243 1904 Nec
273 1867 369 1916 quid
396 1868 534 1905 faciam
562 1868 644 1906 scio
674 1882 803 1918 neque
834 1877 986 1907 tantum
1012 1877 1070 1908 est
1096 1869 1135 1907 in
1161 1884 1200 1909 re
1231 1880 1400 1922 quantus
1431 1882 1488 1912 est

158 1944 295 1969 sermo.
357 1934 442 1982 Ego
463 1940 595 1970 autem
617 1947 666 1971 ne
688 1933 799 1971 irasci
820 1947 982 1983 possum
1004 1934 1165 1984 quidem
1187 1935 1232 1974 iis
1254 1950 1353 1986 quos
1374 1940 1488 1977 valde

157 2009 272 2043 amo3
301 2004 453 2034 tanturn
475 1999 592 2035 doleo
612 2011 657 2035 ac
679 1998 841 2036 mirifice
857 1998 1029 2048 quidem.
1089 2001 1255 2039 †Cetera
1276 2001 1315 2039 in
1337 2004 1487 2053 magnis

157 2061 307 2099 rebus†.
384 2061 518 2100 Minae
553 2062 670 2101 Clodi
704 2062 1058 2113 contentionesque
1097 2078 1194 2113 quae
1224 2066 1318 2104 mihi
1348 2081 1486 2118 propo-

155 2133 302 2163 nuntur
332 2126 488 2165 modice
519 2141 581 2165 me
612 2134 802 2177 tangunt3
835 2128 981 2165 etenim
1011 2130 1071 2166 vel
1099 2130 1229 2168 subire
1261 2144 1325 2169 eas
1353 2132 1485 2171 videor

157 2189 251 2227 mihi
273 2203 426 2228 summa
446 2205 536 2229 cum
559 2191 747 2240 dignitate
768 2193 828 2229 vel
850 2192 1046 2231 declinare
1068 2196 1174 2232 nulla
1195 2209 1285 2233 cum
1309 2198 1486 2235 molestia

198 2303 218 2331 3
243 2295 274 2323 in
302 2293 366 2332 leg.
394 2295 482 2323 illam
508 2295 574 2325 secl.
604 2293 728 2324 Scln'it:
873 2304 891 2332 5
916 2295 1022 2336 apud]
1052 2297 1094 2326 ad
1121 2296 1208 2327 Reid
1360 2310 1376 2338 7
1402 2311 1485 2340 ergo

156 2337 233 2367 coni.
257 2336 360 2367 Orelli
479 2339 499 2367 8
524 2338 887 2378 scitquisq11am]scio
905 2339 985 2376 quid
1003 2349 1128 2378 sequar
1155 2341 1233 2371 coni.
1257 2341 1377 2374 Orelli:
1402 2346 1483 2375 certi

154 2381 331 2419 quicquam
348 2381 427 2411 coni.
449 2380 533 2411 Boot
669 2391 707 2410 12
730 2381 784 2411 vel
808 2380 949 2413 Mt'iller:
986 2393 1039 2412 -ve
1062 2383 1148 2414 codd.
1293 2395 1334 2425 25
1359 2386 1482 2419 Cetera

155 2447 162 2454 .
183 2447 190 2454 .
212 2448 218 2454 .
237 2424 337 2454 rebus
365 2425 435 2454 sine
446 2435 534 2454 cruce
557 2423 700 2454 Mz‘iller:
736 2430 850 2455 cetera
877 2427 910 2454 ἐν
938 2426 1198 2465 αἰνιγμοΐςχτοηί.
1223 2428 1343 2461 Orelli:
1370 2437 1482 2463 cetera

156 2472 191 2498 ut
209 2468 242 2497 in
262 2468 392 2507 magnis
411 2468 518 2508 rebus,
541 2469 652 2498 minae
669 2467 755 2498 Reid
886 2470 927 2499 26
950 2479 1037 2508 quae
1056 2468 1131 2501 add.
1149 2472 1238 2512 vulg.

1354 2518 1398 2550 5*
