1773 2651
135 204 252 240 VIII.

240 326 263 362 3

276 204 289 240 i
654 205 709 241 M.
742 205 910 241 TVLLI
943 204 1250 242 CICERONIS

340 316 433 364 Quo
461 315 590 354 minus
619 315 767 362 mirere,
787 315 817 353 si
839 314 982 352 invitus
1003 314 1042 352 in
1064 328 1150 353 eam
1172 328 1331 352 causam
1351 316 1553 353 descendo
1574 313 1613 353 in

283 393 361 429 qua
382 393 512 429 neque
532 380 640 430 pacis
667 393 797 429 neque
822 379 1006 417 victoriae
1028 379 1125 417 ratio
1152 379 1329 429 quaesita
1350 379 1397 417 sit
1424 393 1613 429 umquam

282 447 351 483 sed
390 459 545 495 semper
577 445 791 495 flagitiosae
822 452 860 483 et
899 443 1150 482 calamitosae
1190 445 1316 494 fugae,
1347 445 1535 490 eundum,
1572 451 1614 481 ut

282 523 575 559 quemcumque
596 511 674 548 fors
701 508 831 547 tulerit
855 521 990 547 casum
1018 509 1181 547 subeam
1209 508 1339 558 potius
1361 522 1451 546 cum
1479 508 1524 546 iis
1545 508 1612 558 qui

281 574 466 613 dicuntur
495 588 580 613 esse
610 574 705 612 boni
735 587 853 624 quam
883 574 1017 612 videar
1047 587 1070 612 a
1106 573 1218 612 'nonis
1250 573 1465 612 dissentire.
1527 573 1611 612 Etsi
1630 587 1648 619 5

282 653 403 690 prope
425 639 529 679 diem
552 639 668 678 video
693 640 900 685 bonorum,
925 639 964 678 id
989 646 1047 677 est
1074 640 1268 677 lautorum
1297 647 1335 678 et
1356 641 1612 688 locupletum,

282 705 418 743 urbem
450 706 628 743 refertam
659 705 751 751 fore,
785 703 1007 754 municipiis
1035 717 1126 742 vero
1156 704 1216 741 his
1246 703 1388 742 relictis
1418 703 1615 742 refertissi-

283 783 396 807 mam.
460 771 552 818 Quo
592 783 664 818 ego
699 768 739 806 in
774 782 938 807 numero
973 782 1114 815 essem,
1145 768 1175 806 si
1206 770 1278 807 hos
1308 769 1463 807 lictores
1496 770 1614 807 111616-

282 838 472 876 stissimos
495 851 574 875 non
597 837 794 883 haberem,
819 850 891 874 1166
914 850 976 874 1116
1000 838 1066 874 M'.
1091 836 1246 886 Lepidi,
1268 838 1310 874 L.
1334 835 1508 882 Volcaci,
1532 838 1610 874 Ser.

281 902 427 952 Sulpici
455 902 645 941 comitum
676 901 906 951 paeniteret,
928 914 1095 951 quorum
1126 915 1245 939 nemo
1274 914 1346 938 nec
1377 900 1529 939 stultior
1555 908 1613 939 est
1636 916 1674 938 10

281 981 399 1013 Quam
432 968 473 1004 L.
504 966 703 1005 Domitius
738 980 811 1004 nec
845 965 1131 1004 inconstantior
1160 979 1279 1015 quam
1309 968 1383 1015 Ap.
1409 965 1610 1004 Claudius.

234 1034 393 1080 4Vnus
435 1031 648 1082 Pompeius
697 1045 759 1069 me
809 1038 939 1068 movet
988 1031 1194 1078 beneficio,
1238 1044 1316 1068 non
1368 1032 1610 1069 auctoritate.

242 1786 258 1812 1

283 1098 413 1145 Quam
446 1096 550 1135 enim
583 1096 646 1135 ille
681 1096 824 1134 habeat
855 1095 1129 1134 auctoritatem
1164 1095 1203 1133 in
1236 1097 1308 1133 hac
1343 1097 1490 1134 causa?
1533 1096 1611 1146 qui,

281 1176 370 1200 cum
411 1176 549 1200 omnes
590 1163 799 1201 Caesarem
840 1162 1126 1208 metuebamus,
1160 1161 1243 1211 ipse
1282 1175 1372 1199 eum
1412 1161 1610 1211 diligebat,

281 1234 490 1276 postquam
522 1226 604 1276 ipse
633 1234 807 1265 metuere
834 1226 975 1276 coepit,
999 1234 1110 1276 putat
1137 1226 1266 1265 omnis
1294 1226 1416 1265 hostis
1444 1226 1497 1264 illi
1527 1240 1612 1265 esse
1636 1241 1671 1272 15

280 1300 469 1341 oportere.
543 1292 695 1330 Ibimus
731 1299 863 1329 tamen
905 1291 1121 1330 Luceriam.
1194 1294 1279 1330 Nec
1319 1306 1409 1330 eum
1449 1294 1612 1330 fortasse

280 1357 491 1395 delectabit
522 1364 654 1395 noster
682 1358 900 1403 adventus3
944 1356 1189 1395 dissimulare
1224 1356 1329 1394 enim
1362 1370 1441 1394 non
1474 1364 1612 1407 potero

281 1421 374 1459 mihi
410 1435 510 1471 quae
545 1423 675 1460 adhuc
714 1429 801 1459 acta
839 1421 915 1459 sint
954 1421 1171 1471 displicere.
1233 1424 1317 1471 Ego
1356 1421 1387 1459 si
1427 1435 1611 1460 somnum

278 1500 417 1536 capere
452 1500 620 1537 possem,
656 1495 734 1524 tam
770 1487 896 1536 longis
929 1495 965 1525 te
1004 1487 1180 1537 epistulis
1220 1501 1299 1526 non
1334 1488 1608 1527 obtunderem.

279 1555 352 1599 Tu,
376 1553 407 1591 si
429 1553 497 1592 tibi
520 1555 659 1592 eadem
681 1567 800 1592 causa
821 1560 889 1600 est,
915 1567 977 1592 me
999 1567 1245 1592 remunerere
1267 1568 1360 1593 sane
1381 1554 1509 1593 velim.
1632 1565 1673 1587 20

321 1637 368 1671 II
544 1637 614 1669 Ser.
633 1639 666 1668 in
684 1638 865 1668 Formiano
881 1639 941 1668 xiii
955 1638 996 1669 Κ.
1017 1637 1115 1669 Mart.
1135 1649 1164 1669 a.
1189 1648 1244 1677 705
1265 1639 1348 1680 (49).

683 1707 854 1739 CICERO
884 1708 1065 1739 ATTICO
1096 1707 1202 1739 SAL.

334 1773 433 1811 Mihi
471 1787 562 1811 vero
597 1773 731 1811 onmia
761 1780 881 1823 grata,
912 1780 950 1811 et
980 1774 1088 1823 quod
1121 1772 1307 1823 scripsisti
1337 1775 1387 1812 ad
1418 1787 1480 1812 me
1510 1787 1610 1823 quae

276 1838 456 1877 audieras
483 1846 521 1877 ct
546 1840 654 1888 quod
685 1852 765 1876 non
797 1837 997 1876 credidisti
1018 1852 1120 1888 quae
1147 1838 1266 1888 digna
1294 1838 1496 1888 diligentia
1524 1852 1612 1876 mea
1663 1828 1668 1833 ⁴

278 1917 358 1942 non
398 1910 506 1942 erant
545 1911 583 1941 et
622 1904 730 1953 quod
770 1902 958 1941 monuisti
997 1904 1106 1952 quod
1145 1902 1352 1941 sentiebas.
1428 1905 1512 1953 Ego
1559 1904 1610 1941 ad
1634 1915 1670 1948 ²5

279 1971 486 2008 Caesarem
516 1982 614 2006 unas
646 1969 785 2018 Capua
811 1967 956 2006 litteras
984 1967 1076 2006 dedi
1109 1967 1252 2017 quibus
1281 1968 1333 2006 ad
1361 1982 1407 2006 ea
1433 1967 1610 2018 rescripsi

277 2048 379 2084 quae
415 2047 571 2072 mecum
604 2033 667 2071 ille
698 2034 748 2071 de
782 2032 1064 2083 gladiatoribus
1096 2033 1175 2070 suis
1207 2040 1350 2082 egerat,
1380 2032 1506 2071 brevis
1540 2034 1610 2071 sed

282 2098 594 2137 benevolentiam
626 2098 892 2147 significantis,
918 2111 997 2135 non
1026 2098 1147 2135 modo
1169 2097 1252 2135 sine
1276 2097 1516 2136 contumelia
1540 2098 1610 2136 sed

279 2164 396 2202 ctiam
419 2177 507 2201 cum
539 2163 708 2201 maxima
734 2163 851 2200 laude
881 2161 1055 2211 Pompei.
1118 2163 1164 2200 Id
1193 2162 1297 2200 enim
1326 2162 1389 2200 illa
1416 2162 1610 2200 sententia

280 2229 503 2279 postulabat
524 2243 601 2278 qua
629 2228 736 2265 illum
758 2228 808 2265 ad
833 2226 1087 2264 concordiam
1113 2227 1305 2264 hortabar.
1367 2229 1443 2264 Eas
1471 2227 1501 2264 si
1529 2240 1609 2276 quo
1630 2243 1671 2274 30

328 2338 386 2366 1—3
411 2328 486 2366 Quo
505 2352 511 2358 .
532 2353 538 2358 .
561 2352 567 2357 .
590 2327 706 2367 fugae]
724 2327 804 2366 sorl.
825 2337 898 2355 cnm
918 2326 1179 2366 praeccdenlilnts
1202 2325 1468 2365 coniungendam
1490 2330 1520 2356 el
1537 2330 1612 2365 post

282 2373 380 2410 fugae
397 2372 528 2411 longius
543 2370 841 2410 interpungendum
1061 2380 1080 2399 2
1104 2370 1147 2399 sit
1171 2369 1244 2399 M-':
1271 2375 1321 2399 cst
1342 2369 1439 2400 Vt'cl.:
1465 2380 1528 2399 om.
1551 2367 1607 2397 M¹

281 2426 299 2453 5
325 2416 423 2445 bonis
448 2415 479 2444 I:
503 2415 659 2444 omnibus
678 2414 717 2443 M
967 2414 988 2443 6
1010 2412 1226 2452 locupletium
1252 2416 1332 2449 vett„
1348 2412 1455 2451 sedes.
1469 2414 1525 2443 vii.
1543 2423 1569 2450 7.
1592 2422 1608 2448 7

286 2469 336 2496 15,
357 2461 395 2488 16
419 2468 494 2488 esse
511 2463 671 2496 oportere
691 2461 713 2488 Σ
731 2456 759 2486 L
780 2457 919 2497 (ntarg.)
935 2469 940 2486 1
968 2462 1126 2495 oportere
1144 2467 1220 2487 esse
1239 2461 1266 2486 Δ
1380 2457 1417 2485 18
1442 2462 1519 2486 sunt
1536 2458 1606 2486 veli.

285 2512 326 2541 29
350 2512 424 2532 cum
450 2501 565 2531 Mem:
600 2501 700 2531 huius
725 2500 783 2531 M:
809 2512 881 2531 cum
902 2501 1001 2530 huius
1019 2500 1129 2540 (deleto
1148 2499 1300 2539 Pompei)
1320 2498 1450 2529 Erneslz'
