<?xml version="1.0" encoding="UTF-8"?>
<!DOCTYPE html PUBLIC "-//W3C//DTD XHTML 1.0 Transitional//EN"
    "http://www.w3.org/TR/xhtml1/DTD/xhtml1-transitional.dtd">
<html xmlns="http://www.w3.org/1999/xhtml" xml:lang="en" lang="en">
 <head>
  <title>
</title>
<meta http-equiv="Content-Type" content="text/html;charset=utf-8" />
  <meta name='ocr-system' content='tesseract 3.04.00' />
  <meta name='ocr-capabilities' content='ocr_page ocr_carea ocr_par ocr_line ocrx_word'/>
</head>
<body>
  <div class='ocr_page' id='page_1' title='image "./p1epistulaerecog02ciceuoft_0133.png"; bbox 0 0 1773 2651; ppageno 0'>
   <div class='ocr_carea' id='block_1_1' title="bbox 603 150 1528 191">
    <p class='ocr_par' dir='ltr' id='par_1_1' title="bbox 603 150 1528 191">
     <span class='ocr_line' id='line_1_1' title="bbox 603 150 1528 191; baseline -0.002 -2"><span class='ocrx_word' id='word_1_1' title='bbox 603 154 714 190; x_wconf 83' lang='lat' dir='ltr'>EPP.</span> <span class='ocrx_word' id='word_1_2' title='bbox 748 154 827 189; x_wconf 81' lang='lat' dir='ltr'>AD</span> <span class='ocrx_word' id='word_1_3' title='bbox 859 152 1117 191; x_wconf 74' lang='lat' dir='ltr'><strong>ATTICVM</strong></span> <span class='ocrx_word' id='word_1_4' title='bbox 1408 152 1475 188; x_wconf 92' lang='lat' dir='ltr'>IV.</span> <span class='ocrx_word' id='word_1_5' title='bbox 1498 150 1528 187; x_wconf 84' lang='lat' dir='ltr'>ii</span> 
     </span>
    </p>
   </div>
   <div class='ocr_carea' id='block_1_2' title="bbox 98 264 1533 2069">
    <p class='ocr_par' dir='ltr' id='par_1_2' title="bbox 98 264 1533 2069">
     <span class='ocr_line' id='line_1_2' title="bbox 160 264 1493 314; baseline -0.001 -12"><span class='ocrx_word' id='word_1_6' title='bbox 160 271 372 303; x_wconf 79' lang='lat' dir='ltr'>statuturos</span> <span class='ocrx_word' id='word_1_7' title='bbox 407 278 497 302; x_wconf 88' lang='lat' dir='ltr'>cum</span> <span class='ocrx_word' id='word_1_8' title='bbox 531 271 679 302; x_wconf 87' lang='lat' dir='ltr'>senatu.</span> <span class='ocrx_word' id='word_1_9' title='bbox 753 265 892 314; x_wconf 83' lang='lat' dir='ltr'>Itaque</span> <span class='ocrx_word' id='word_1_10' title='bbox 925 278 995 302; x_wconf 88' lang='lat' dir='ltr'>suo</span> <span class='ocrx_word' id='word_1_11' title='bbox 1030 264 1197 313; x_wconf 83' lang='lat' dir='ltr'>quisque</span> <span class='ocrx_word' id='word_1_12' title='bbox 1230 264 1370 301; x_wconf 88' lang='lat' dir='ltr'>horum</span> <span class='ocrx_word' id='word_1_13' title='bbox 1405 265 1493 301; x_wconf 89' lang='lat' dir='ltr'>loco</span> 
     </span>
     <span class='ocr_line' id='line_1_3' title="bbox 159 327 1495 379; baseline -0.002 -12"><span class='ocrx_word' id='word_1_14' title='bbox 159 329 395 367; x_wconf 75' lang='lat' dir='ltr'>sententiam</span> <span class='ocrx_word' id='word_1_15' title='bbox 430 338 584 379; x_wconf 81' lang='lat' dir='ltr'>rogatus</span> <span class='ocrx_word' id='word_1_16' title='bbox 621 331 742 367; x_wconf 88' lang='lat' dir='ltr'>multa</span> <span class='ocrx_word' id='word_1_17' title='bbox 774 330 993 367; x_wconf 85' lang='lat' dir='ltr'>secundum</span> <span class='ocrx_word' id='word_1_18' title='bbox 1029 342 1186 366; x_wconf 85' lang='lat' dir='ltr'>causam</span> <span class='ocrx_word' id='word_1_19' title='bbox 1218 336 1389 366; x_wconf 86' lang='lat' dir='ltr'>nostram</span> <span class='ocrx_word' id='word_1_20' title='bbox 1420 327 1495 365; x_wconf 93' lang='lat' dir='ltr'>dis-</span> 
     </span>
     <span class='ocr_line' id='line_1_4' title="bbox 160 393 1495 445; baseline -0.002 -13"><span class='ocrx_word' id='word_1_21' title='bbox 160 394 319 445; x_wconf 86' lang='lat' dir='ltr'>putavit.</span> <span class='ocrx_word' id='word_1_22' title='bbox 381 395 483 433; x_wconf 90' lang='lat' dir='ltr'>Cum</span> <span class='ocrx_word' id='word_1_23' title='bbox 515 395 565 432; x_wconf 90' lang='lat' dir='ltr'>ad</span> <span class='ocrx_word' id='word_1_24' title='bbox 597 394 784 433; x_wconf 88' lang='lat' dir='ltr'>Clodium</span> <span class='ocrx_word' id='word_1_25' title='bbox 815 402 977 432; x_wconf 88' lang='lat' dir='ltr'>ventum</span> <span class='ocrx_word' id='word_1_26' title='bbox 1012 401 1080 439; x_wconf 86' lang='lat' dir='ltr'>est,</span> <span class='ocrx_word' id='word_1_27' title='bbox 1113 393 1234 443; x_wconf 91' lang='lat' dir='ltr'>cupiit</span> <span class='ocrx_word' id='word_1_28' title='bbox 1266 393 1372 431; x_wconf 89' lang='lat' dir='ltr'>diem</span> <span class='ocrx_word' id='word_1_29' title='bbox 1404 406 1495 430; x_wconf 92' lang='lat' dir='ltr'>con-</span> 
     </span>
     <span class='ocr_line' id='line_1_5' title="bbox 161 457 1493 508; baseline -0.002 -11"><span class='ocrx_word' id='word_1_30' title='bbox 161 473 314 497; x_wconf 77' lang='lat' dir='ltr'>sumere</span> <span class='ocrx_word' id='word_1_31' title='bbox 344 472 473 508; x_wconf 85' lang='lat' dir='ltr'>neque</span> <span class='ocrx_word' id='word_1_32' title='bbox 500 459 535 497; x_wconf 90' lang='lat' dir='ltr'>ei</span> <span class='ocrx_word' id='word_1_33' title='bbox 566 458 653 496; x_wconf 87' lang='lat' dir='ltr'>finis</span> <span class='ocrx_word' id='word_1_34' title='bbox 678 466 735 496; x_wconf 88' lang='lat' dir='ltr'>est</span> <span class='ocrx_word' id='word_1_35' title='bbox 757 460 892 504; x_wconf 88' lang='lat' dir='ltr'>factus,</span> <span class='ocrx_word' id='word_1_36' title='bbox 917 459 986 496; x_wconf 89' lang='lat' dir='ltr'>sed</span> <span class='ocrx_word' id='word_1_37' title='bbox 1018 466 1150 496; x_wconf 88' lang='lat' dir='ltr'>tamen</span> <span class='ocrx_word' id='word_1_38' title='bbox 1173 471 1262 496; x_wconf 92' lang='lat' dir='ltr'>cum</span> <span class='ocrx_word' id='word_1_39' title='bbox 1284 459 1399 495; x_wconf 83' lang='lat' dir='ltr'>horas</span> <span class='ocrx_word' id='word_1_40' title='bbox 1428 457 1493 495; x_wconf 89' lang='lat' dir='ltr'>tris</span> 
     </span>
     <span class='ocr_line' id='line_1_6' title="bbox 120 523 1493 574; baseline -0.002 -12"><span class='ocrx_word' id='word_1_41' title='bbox 120 535 138 567; x_wconf 84' lang='lat'><strong><em>5</em></strong></span> <span class='ocrx_word' id='word_1_42' title='bbox 160 526 238 562; x_wconf 88' lang='lat' dir='ltr'>fere</span> <span class='ocrx_word' id='word_1_43' title='bbox 260 524 431 571; x_wconf 83' lang='lat' dir='ltr'>dixisset,</span> <span class='ocrx_word' id='word_1_44' title='bbox 455 524 548 562; x_wconf 91' lang='lat' dir='ltr'>odio</span> <span class='ocrx_word' id='word_1_45' title='bbox 573 532 610 562; x_wconf 86' lang='lat' dir='ltr'>et</span> <span class='ocrx_word' id='word_1_46' title='bbox 638 524 800 574; x_wconf 88' lang='lat' dir='ltr'>strepitu</span> <span class='ocrx_word' id='word_1_47' title='bbox 829 532 986 561; x_wconf 88' lang='lat' dir='ltr'>senatus</span> <span class='ocrx_word' id='word_1_48' title='bbox 1016 531 1175 561; x_wconf 90' lang='lat' dir='ltr'>coactus</span> <span class='ocrx_word' id='word_1_49' title='bbox 1197 531 1255 561; x_wconf 91' lang='lat' dir='ltr'>est</span> <span class='ocrx_word' id='word_1_50' title='bbox 1278 523 1493 572; x_wconf 82' lang='lat' dir='ltr'>aliquando</span> 
     </span>
     <span class='ocr_line' id='line_1_7' title="bbox 160 587 1492 639; baseline -0.002 -12"><span class='ocrx_word' id='word_1_51' title='bbox 160 603 349 639; x_wconf 83' lang='lat' dir='ltr'>perorare.</span> <span class='ocrx_word' id='word_1_52' title='bbox 425 590 527 628; x_wconf 91' lang='lat' dir='ltr'>Cum</span> <span class='ocrx_word' id='word_1_53' title='bbox 568 590 676 627; x_wconf 84' lang='lat' dir='ltr'>fieret</span> <span class='ocrx_word' id='word_1_54' title='bbox 715 596 874 627; x_wconf 87' lang='lat' dir='ltr'>senatus</span> <span class='ocrx_word' id='word_1_55' title='bbox 913 590 1138 627; x_wconf 86' lang='lat' dir='ltr'>consultum</span> <span class='ocrx_word' id='word_1_56' title='bbox 1178 588 1218 626; x_wconf 90' lang='lat' dir='ltr'>in</span> <span class='ocrx_word' id='word_1_57' title='bbox 1258 587 1492 626; x_wconf 85' lang='lat' dir='ltr'>sententiam</span> 
     </span>
     <span class='ocr_line' id='line_1_8' title="bbox 161 653 1492 704; baseline -0.002 -12"><span class='ocrx_word' id='word_1_58' title='bbox 161 654 381 692; x_wconf 79' lang='lat' dir='ltr'>Marcellini</span> <span class='ocrx_word' id='word_1_59' title='bbox 412 654 598 692; x_wconf 89' lang='lat' dir='ltr'>omnibus</span> <span class='ocrx_word' id='word_1_60' title='bbox 629 662 780 704; x_wconf 87' lang='lat' dir='ltr'>praeter</span> <span class='ocrx_word' id='word_1_61' title='bbox 802 668 925 692; x_wconf 89' lang='lat' dir='ltr'>unum</span> <span class='ocrx_word' id='word_1_62' title='bbox 956 653 1281 699; x_wconf 83' lang='lat' dir='ltr'>adsentientibus,</span> <span class='ocrx_word' id='word_1_63' title='bbox 1305 655 1492 691; x_wconf 85' lang='lat' dir='ltr'>Serranus</span> 
     </span>
     <span class='ocr_line' id='line_1_9' title="bbox 158 719 1492 758; baseline -0.001 -2"><span class='ocrx_word' id='word_1_64' title='bbox 158 721 372 757; x_wconf 65' lang='lat' dir='ltr'>intercessit.</span> <span class='ocrx_word' id='word_1_65' title='bbox 432 721 498 757; x_wconf 73' lang='lat' dir='ltr'>De</span> <span class='ocrx_word' id='word_1_66' title='bbox 526 719 807 758; x_wconf 82' lang='lat' dir='ltr'>intercessione</span> <span class='ocrx_word' id='word_1_67' title='bbox 838 719 968 757; x_wconf 86' lang='lat' dir='ltr'>statim</span> <span class='ocrx_word' id='word_1_68' title='bbox 994 720 1113 757; x_wconf 89' lang='lat' dir='ltr'>ambo</span> <span class='ocrx_word' id='word_1_69' title='bbox 1142 720 1323 756; x_wconf 88' lang='lat' dir='ltr'>consules</span> <span class='ocrx_word' id='word_1_70' title='bbox 1353 719 1492 756; x_wconf 88' lang='lat' dir='ltr'>referre</span> 
     </span>
     <span class='ocr_line' id='line_1_10' title="bbox 159 782 1492 834; baseline -0.001 -12"><span class='ocrx_word' id='word_1_71' title='bbox 159 792 384 834; x_wconf 88' lang='lat' dir='ltr'>coeperunt.</span> <span class='ocrx_word' id='word_1_72' title='bbox 446 785 548 823; x_wconf 88' lang='lat' dir='ltr'>Cum</span> <span class='ocrx_word' id='word_1_73' title='bbox 574 784 792 822; x_wconf 84' lang='lat' dir='ltr'>sententiae</span> <span class='ocrx_word' id='word_1_74' title='bbox 812 783 1062 834; x_wconf 81' lang='lat' dir='ltr'>gravissimae</span> <span class='ocrx_word' id='word_1_75' title='bbox 1083 783 1317 830; x_wconf 79' lang='lat' dir='ltr'>dicerentur,</span> <span class='ocrx_word' id='word_1_76' title='bbox 1341 782 1492 821; x_wconf 85' lang='lat' dir='ltr'>senatui</span> 
     </span>
     <span class='ocr_line' id='line_1_11' title="bbox 102 848 1493 898; baseline 0.001 -13"><span class='ocrx_word' id='word_1_77' title='bbox 102 862 140 884; x_wconf 92' lang='lat'>10</span> <span class='ocrx_word' id='word_1_78' title='bbox 159 850 312 898; x_wconf 90' lang='lat' dir='ltr'>placere</span> <span class='ocrx_word' id='word_1_79' title='bbox 337 848 433 886; x_wconf 88' lang='lat' dir='ltr'>mihi</span> <span class='ocrx_word' id='word_1_80' title='bbox 461 850 625 886; x_wconf 85' lang='lat' dir='ltr'>domum</span> <span class='ocrx_word' id='word_1_81' title='bbox 647 849 807 895; x_wconf 86' lang='lat' dir='ltr'>restitui,</span> <span class='ocrx_word' id='word_1_82' title='bbox 831 848 1026 898; x_wconf 90' lang='lat' dir='ltr'>porticum</span> <span class='ocrx_word' id='word_1_83' title='bbox 1050 848 1179 887; x_wconf 88' lang='lat' dir='ltr'>Catuli</span> <span class='ocrx_word' id='word_1_84' title='bbox 1210 848 1338 894; x_wconf 86' lang='lat' dir='ltr'>locari,</span> <span class='ocrx_word' id='word_1_85' title='bbox 1362 856 1493 886; x_wconf 89' lang='lat' dir='ltr'>aucto-</span> 
     </span>
     <span class='ocr_line' id='line_1_12' title="bbox 158 913 1492 963; baseline 0.001 -12"><span class='ocrx_word' id='word_1_86' title='bbox 158 913 311 951; x_wconf 87' lang='lat' dir='ltr'>ritatem</span> <span class='ocrx_word' id='word_1_87' title='bbox 342 913 490 952; x_wconf 76' lang='lat' dir='ltr'>ordinis</span> <span class='ocrx_word' id='word_1_88' title='bbox 517 915 567 952; x_wconf 89' lang='lat' dir='ltr'>ab</span> <span class='ocrx_word' id='word_1_89' title='bbox 596 914 782 952; x_wconf 83' lang='lat' dir='ltr'>omnibus</span> <span class='ocrx_word' id='word_1_90' title='bbox 817 913 1108 963; x_wconf 80' lang='lat' dir='ltr'>magistratibus</span> <span class='ocrx_word' id='word_1_91' title='bbox 1138 913 1299 952; x_wconf 89' lang='lat' dir='ltr'>defendi</span> <span class='ocrx_word' id='word_1_92' title='bbox 1330 913 1360 951; x_wconf 91' lang='lat' dir='ltr'>si</span> <span class='ocrx_word' id='word_1_93' title='bbox 1391 927 1492 963; x_wconf 86' lang='lat' dir='ltr'>quae</span> 
     </span>
     <span class='ocr_line' id='line_1_13' title="bbox 158 978 1491 1028; baseline 0.001 -13"><span class='ocrx_word' id='word_1_94' title='bbox 158 978 214 1016; x_wconf 86' lang='lat' dir='ltr'>vis</span> <span class='ocrx_word' id='word_1_95' title='bbox 246 987 347 1017; x_wconf 87' lang='lat' dir='ltr'>esset</span> <span class='ocrx_word' id='word_1_96' title='bbox 380 980 492 1025; x_wconf 85' lang='lat' dir='ltr'>facta,</span> <span class='ocrx_word' id='word_1_97' title='bbox 527 987 707 1017; x_wconf 85' lang='lat' dir='ltr'>senatum</span> <span class='ocrx_word' id='word_1_98' title='bbox 743 978 1051 1016; x_wconf 77' lang='lat' dir='ltr'>existimaturum</span> <span class='ocrx_word' id='word_1_99' title='bbox 1083 978 1165 1016; x_wconf 89' lang='lat' dir='ltr'>eius</span> <span class='ocrx_word' id='word_1_100' title='bbox 1196 992 1314 1028; x_wconf 88' lang='lat' dir='ltr'>opera</span> <span class='ocrx_word' id='word_1_101' title='bbox 1345 979 1491 1016; x_wconf 89' lang='lat' dir='ltr'>factum</span> 
     </span>
     <span class='ocr_line' id='line_1_14' title="bbox 158 1043 1491 1093; baseline 0 -12"><span class='ocrx_word' id='word_1_102' title='bbox 158 1057 243 1081; x_wconf 88' lang='lat' dir='ltr'>esse</span> <span class='ocrx_word' id='word_1_103' title='bbox 273 1043 340 1093; x_wconf 82' lang='lat' dir='ltr'>qui</span> <span class='ocrx_word' id='word_1_104' title='bbox 369 1052 526 1082; x_wconf 87' lang='lat' dir='ltr'>senatus</span> <span class='ocrx_word' id='word_1_105' title='bbox 554 1045 736 1082; x_wconf 81' lang='lat' dir='ltr'>consulto</span> <span class='ocrx_word' id='word_1_106' title='bbox 764 1043 1054 1089; x_wconf 76' lang='lat' dir='ltr'>intercessisset,</span> <span class='ocrx_word' id='word_1_107' title='bbox 1079 1045 1265 1082; x_wconf 86' lang='lat' dir='ltr'>Serranus</span> <span class='ocrx_word' id='word_1_108' title='bbox 1292 1043 1491 1093; x_wconf 85' lang='lat' dir='ltr'>pertimuit</span> 
     </span>
     <span class='ocr_line' id='line_1_15' title="bbox 158 1108 1492 1155; baseline 0 -9"><span class='ocrx_word' id='word_1_109' title='bbox 158 1116 196 1146; x_wconf 87' lang='lat' dir='ltr'>et</span> <span class='ocrx_word' id='word_1_110' title='bbox 236 1108 471 1148; x_wconf 89' lang='lat' dir='ltr'>Cornicinus</span> <span class='ocrx_word' id='word_1_111' title='bbox 511 1110 561 1147; x_wconf 92' lang='lat' dir='ltr'>ad</span> <span class='ocrx_word' id='word_1_112' title='bbox 597 1122 708 1146; x_wconf 86' lang='lat' dir='ltr'>suam</span> <span class='ocrx_word' id='word_1_113' title='bbox 743 1116 913 1146; x_wconf 79' lang='lat' dir='ltr'>veterem</span> <span class='ocrx_word' id='word_1_114' title='bbox 949 1108 1121 1146; x_wconf 89' lang='lat' dir='ltr'>fabulam</span> <span class='ocrx_word' id='word_1_115' title='bbox 1157 1108 1298 1155; x_wconf 77' lang='lat' dir='ltr'>rediit3</span> <span class='ocrx_word' id='word_1_116' title='bbox 1339 1108 1492 1146; x_wconf 87' lang='lat' dir='ltr'>abiecta</span> 
     </span>
     <span class='ocr_line' id='line_1_16' title="bbox 100 1173 1492 1224; baseline 0 -13"><span class='ocrx_word' id='word_1_117' title='bbox 100 1185 137 1217; x_wconf 83' lang='lat'>15</span> <span class='ocrx_word' id='word_1_118' title='bbox 159 1181 249 1224; x_wconf 81' lang='lat' dir='ltr'>toga</span> <span class='ocrx_word' id='word_1_119' title='bbox 281 1188 321 1212; x_wconf 89' lang='lat' dir='ltr'>se</span> <span class='ocrx_word' id='word_1_120' title='bbox 353 1175 404 1212; x_wconf 88' lang='lat' dir='ltr'>ad</span> <span class='ocrx_word' id='word_1_121' title='bbox 436 1173 568 1223; x_wconf 83' lang='lat' dir='ltr'>generi</span> <span class='ocrx_word' id='word_1_122' title='bbox 596 1175 718 1223; x_wconf 89' lang='lat' dir='ltr'>pedes</span> <span class='ocrx_word' id='word_1_123' title='bbox 750 1173 902 1211; x_wconf 88' lang='lat' dir='ltr'>abiecit.</span> <span class='ocrx_word' id='word_1_124' title='bbox 966 1175 1037 1211; x_wconf 91' lang='lat' dir='ltr'>Ille</span> <span class='ocrx_word' id='word_1_125' title='bbox 1068 1181 1226 1211; x_wconf 87' lang='lat' dir='ltr'>noctem</span> <span class='ocrx_word' id='word_1_126' title='bbox 1257 1173 1331 1212; x_wconf 90' lang='lat' dir='ltr'>sibi</span> <span class='ocrx_word' id='word_1_127' title='bbox 1361 1181 1492 1223; x_wconf 89' lang='lat' dir='ltr'>postu-</span> 
     </span>
     <span class='ocr_line' id='line_1_17' title="bbox 158 1238 1488 1285; baseline 0 -8"><span class='ocrx_word' id='word_1_128' title='bbox 158 1239 259 1277; x_wconf 89' lang='lat' dir='ltr'>lavit.</span> <span class='ocrx_word' id='word_1_129' title='bbox 312 1240 404 1277; x_wconf 91' lang='lat' dir='ltr'>Non</span> <span class='ocrx_word' id='word_1_130' title='bbox 426 1239 712 1285; x_wconf 77' lang='lat' dir='ltr'>concedebant,</span> <span class='ocrx_word' id='word_1_131' title='bbox 732 1238 1083 1277; x_wconf 79' lang='lat' dir='ltr'>reminiscebantur</span> <span class='ocrx_word' id='word_1_132' title='bbox 1099 1238 1204 1276; x_wconf 89' lang='lat' dir='ltr'>enim</span> <span class='ocrx_word' id='word_1_133' title='bbox 1228 1240 1315 1276; x_wconf 88' lang='lat' dir='ltr'>Kal.</span> <span class='ocrx_word' id='word_1_134' title='bbox 1335 1241 1488 1278; x_wconf 80' lang='lat' dir='ltr'>Ianuar.</span> 
     </span>
     <span class='ocr_line' id='line_1_18' title="bbox 158 1304 1533 1348; baseline 0.001 -7"><span class='ocrx_word' id='word_1_135' title='bbox 158 1304 233 1341; x_wconf 62' lang='lat' dir='ltr'>Vix</span> <span class='ocrx_word' id='word_1_136' title='bbox 265 1305 425 1342; x_wconf 88' lang='lat' dir='ltr'>tandem</span> <span class='ocrx_word' id='word_1_137' title='bbox 462 1304 532 1342; x_wconf 90' lang='lat' dir='ltr'>tibi</span> <span class='ocrx_word' id='word_1_138' title='bbox 567 1305 617 1342; x_wconf 88' lang='lat' dir='ltr'>de</span> <span class='ocrx_word' id='word_1_139' title='bbox 652 1317 739 1341; x_wconf 88' lang='lat' dir='ltr'>mea</span> <span class='ocrx_word' id='word_1_140' title='bbox 774 1305 974 1342; x_wconf 78' lang='lat' dir='ltr'>voluntate</span> <span class='ocrx_word' id='word_1_141' title='bbox 1004 1317 1237 1342; x_wconf 85' lang='lat' dir='ltr'>concessum</span> <span class='ocrx_word' id='word_1_142' title='bbox 1278 1311 1345 1341; x_wconf 91' lang='lat' dir='ltr'>est.</span> <span class='ocrx_word' id='word_1_143' title='bbox 1421 1306 1533 1348; x_wconf 90' lang='lat' dir='ltr'>Po-5</span> 
     </span>
     <span class='ocr_line' id='line_1_19' title="bbox 158 1368 1486 1418; baseline -0.001 -11"><span class='ocrx_word' id='word_1_144' title='bbox 158 1369 291 1407; x_wconf 88' lang='lat' dir='ltr'>stridie</span> <span class='ocrx_word' id='word_1_145' title='bbox 321 1377 479 1407; x_wconf 90' lang='lat' dir='ltr'>senatus</span> <span class='ocrx_word' id='word_1_146' title='bbox 511 1370 734 1407; x_wconf 89' lang='lat' dir='ltr'>consultum</span> <span class='ocrx_word' id='word_1_147' title='bbox 762 1370 909 1406; x_wconf 86' lang='lat' dir='ltr'>factum</span> <span class='ocrx_word' id='word_1_148' title='bbox 941 1376 999 1406; x_wconf 88' lang='lat' dir='ltr'>est</span> <span class='ocrx_word' id='word_1_149' title='bbox 1034 1368 1073 1407; x_wconf 89' lang='lat' dir='ltr'>id</span> <span class='ocrx_word' id='word_1_150' title='bbox 1104 1369 1212 1418; x_wconf 85' lang='lat' dir='ltr'>quod</span> <span class='ocrx_word' id='word_1_151' title='bbox 1241 1370 1291 1407; x_wconf 87' lang='lat' dir='ltr'>ad</span> <span class='ocrx_word' id='word_1_152' title='bbox 1323 1376 1359 1407; x_wconf 80' lang='lat' dir='ltr'>tc</span> <span class='ocrx_word' id='word_1_153' title='bbox 1390 1369 1486 1407; x_wconf 86' lang='lat' dir='ltr'>misi.</span> 
     </span>
     <span class='ocr_line' id='line_1_20' title="bbox 161 1433 1490 1484; baseline 0 -12"><span class='ocrx_word' id='word_1_154' title='bbox 161 1434 317 1472; x_wconf 88' lang='lat' dir='ltr'>Deinde</span> <span class='ocrx_word' id='word_1_155' title='bbox 356 1436 539 1472; x_wconf 85' lang='lat' dir='ltr'>consules</span> <span class='ocrx_word' id='word_1_156' title='bbox 580 1434 773 1484; x_wconf 86' lang='lat' dir='ltr'>porticum</span> <span class='ocrx_word' id='word_1_157' title='bbox 811 1433 941 1473; x_wconf 91' lang='lat' dir='ltr'>Catuli</span> <span class='ocrx_word' id='word_1_158' title='bbox 972 1433 1253 1472; x_wconf 87' lang='lat' dir='ltr'>restituendam</span> <span class='ocrx_word' id='word_1_159' title='bbox 1289 1435 1490 1482; x_wconf 66' lang='lat' dir='ltr'>locarunt,</span> 
     </span>
     <span class='ocr_line' id='line_1_21' title="bbox 100 1498 1490 1548; baseline 0 -12"><span class='ocrx_word' id='word_1_160' title='bbox 100 1511 140 1532; x_wconf 84' lang='lat'>20</span> <span class='ocrx_word' id='word_1_161' title='bbox 158 1499 264 1537; x_wconf 88' lang='lat' dir='ltr'>illam</span> <span class='ocrx_word' id='word_1_162' title='bbox 296 1499 491 1548; x_wconf 89' lang='lat' dir='ltr'>porticum</span> <span class='ocrx_word' id='word_1_163' title='bbox 524 1500 792 1548; x_wconf 86' lang='lat' dir='ltr'>redemptores</span> <span class='ocrx_word' id='word_1_164' title='bbox 823 1498 951 1536; x_wconf 85' lang='lat' dir='ltr'>statim</span> <span class='ocrx_word' id='word_1_165' title='bbox 983 1506 1074 1536; x_wconf 89' lang='lat' dir='ltr'>sunt</span> <span class='ocrx_word' id='word_1_166' title='bbox 1108 1498 1286 1536; x_wconf 89' lang='lat' dir='ltr'>demoliti</span> <span class='ocrx_word' id='word_1_167' title='bbox 1319 1498 1490 1537; x_wconf 86' lang='lat' dir='ltr'>libentis-</span> 
     </span>
     <span class='ocr_line' id='line_1_22' title="bbox 157 1563 1489 1613; baseline 0.001 -12"><span class='ocrx_word' id='word_1_168' title='bbox 157 1564 264 1601; x_wconf 84' lang='lat' dir='ltr'>simis</span> <span class='ocrx_word' id='word_1_169' title='bbox 304 1564 501 1602; x_wconf 86' lang='lat' dir='ltr'>omnibus.</span> <span class='ocrx_word' id='word_1_170' title='bbox 562 1563 690 1602; x_wconf 82' lang='lat' dir='ltr'>Nobis</span> <span class='ocrx_word' id='word_1_171' title='bbox 729 1563 975 1613; x_wconf 86' lang='lat' dir='ltr'>superficiem</span> <span class='ocrx_word' id='word_1_172' title='bbox 1020 1563 1178 1601; x_wconf 86' lang='lat' dir='ltr'>aedium</span> <span class='ocrx_word' id='word_1_173' title='bbox 1219 1565 1400 1602; x_wconf 86' lang='lat' dir='ltr'>consules</span> <span class='ocrx_word' id='word_1_174' title='bbox 1439 1565 1489 1602; x_wconf 89' lang='lat' dir='ltr'>de</span> 
     </span>
     <span class='ocr_line' id='line_1_23' title="bbox 157 1627 1488 1675; baseline 0.002 -9"><span class='ocrx_word' id='word_1_175' title='bbox 157 1628 295 1666; x_wconf 90' lang='lat' dir='ltr'>consili</span> <span class='ocrx_word' id='word_1_176' title='bbox 326 1629 521 1667; x_wconf 88' lang='lat' dir='ltr'>sententia</span> <span class='ocrx_word' id='word_1_177' title='bbox 550 1629 806 1667; x_wconf 86' lang='lat' dir='ltr'>aestimarunt</span> <span class='ocrx_word' id='word_1_178' title='bbox 836 1627 1013 1666; x_wconf 87' lang='lat' dir='ltr'>sestertio</span> <span class='ocrx_word' id='word_1_179' title='bbox 1035 1628 1195 1675; x_wconf 78' lang='lat' dir='ltr'>viciens,</span> <span class='ocrx_word' id='word_1_180' title='bbox 1217 1636 1345 1667; x_wconf 88' lang='lat' dir='ltr'>cetera</span> <span class='ocrx_word' id='word_1_181' title='bbox 1374 1631 1488 1668; x_wconf 88' lang='lat' dir='ltr'>valde</span> 
     </span>
     <span class='ocr_line' id='line_1_24' title="bbox 158 1693 1489 1743; baseline 0.002 -13"><span class='ocrx_word' id='word_1_182' title='bbox 158 1693 419 1741; x_wconf 88' lang='lat' dir='ltr'>inliberaliter,</span> <span class='ocrx_word' id='word_1_183' title='bbox 439 1696 708 1732; x_wconf 86' lang='lat' dir='ltr'>Tusculanam</span> <span class='ocrx_word' id='word_1_184' title='bbox 730 1693 859 1731; x_wconf 87' lang='lat' dir='ltr'>villam</span> <span class='ocrx_word' id='word_1_185' title='bbox 883 1693 1107 1743; x_wconf 83' lang='lat' dir='ltr'>quingentis</span> <span class='ocrx_word' id='word_1_186' title='bbox 1129 1693 1301 1742; x_wconf 84' lang='lat' dir='ltr'>milibus,</span> <span class='ocrx_word' id='word_1_187' title='bbox 1319 1694 1489 1733; x_wconf 87' lang='lat' dir='ltr'>Formia-</span> 
     </span>
     <span class='ocr_line' id='line_1_25' title="bbox 158 1758 1489 1808; baseline 0.002 -13"><span class='ocrx_word' id='word_1_188' title='bbox 158 1772 253 1796; x_wconf 90' lang='lat' dir='ltr'>num</span> <span class='ocrx_word' id='word_1_189' title='bbox 286 1760 355 1797; x_wconf 83' lang='lat' dir='ltr'>HS</span> <span class='ocrx_word' id='word_1_190' title='bbox 387 1759 568 1797; x_wconf 88' lang='lat' dir='ltr'>ducentis</span> <span class='ocrx_word' id='word_1_191' title='bbox 595 1758 881 1808; x_wconf 82' lang='lat' dir='ltr'>quinquaginta</span> <span class='ocrx_word' id='word_1_192' title='bbox 902 1758 1070 1796; x_wconf 79' lang='lat' dir='ltr'>milibus.</span> <span class='ocrx_word' id='word_1_193' title='bbox 1132 1759 1245 1806; x_wconf 86' lang='lat' dir='ltr'>Quae</span> <span class='ocrx_word' id='word_1_194' title='bbox 1269 1759 1489 1798; x_wconf 88' lang='lat' dir='ltr'>aestimatio</span> 
     </span>
     <span class='ocr_line' id='line_1_26' title="bbox 98 1823 1489 1875; baseline 0.003 -15"><span class='ocrx_word' id='word_1_195' title='bbox 98 1835 136 1866; x_wconf 87' lang='lat'>25</span> <span class='ocrx_word' id='word_1_196' title='bbox 159 1837 239 1862; x_wconf 90' lang='lat' dir='ltr'>non</span> <span class='ocrx_word' id='word_1_197' title='bbox 261 1825 382 1862; x_wconf 90' lang='lat' dir='ltr'>modo</span> <span class='ocrx_word' id='word_1_198' title='bbox 403 1826 656 1862; x_wconf 86' lang='lat' dir='ltr'>vehementer</span> <span class='ocrx_word' id='word_1_199' title='bbox 675 1825 726 1862; x_wconf 93' lang='lat' dir='ltr'>ab</span> <span class='ocrx_word' id='word_1_200' title='bbox 748 1823 899 1873; x_wconf 90' lang='lat' dir='ltr'>optimo</span> <span class='ocrx_word' id='word_1_201' title='bbox 921 1836 1080 1873; x_wconf 82' lang='lat' dir='ltr'>quoque</span> <span class='ocrx_word' id='word_1_202' title='bbox 1101 1824 1171 1861; x_wconf 88' lang='lat' dir='ltr'>sed</span> <span class='ocrx_word' id='word_1_203' title='bbox 1192 1823 1309 1861; x_wconf 91' lang='lat' dir='ltr'>etiam</span> <span class='ocrx_word' id='word_1_204' title='bbox 1330 1838 1352 1862; x_wconf 88' lang='lat' dir='ltr'>a</span> <span class='ocrx_word' id='word_1_205' title='bbox 1372 1825 1489 1875; x_wconf 89' lang='lat' dir='ltr'>plebe</span> 
     </span>
     <span class='ocr_line' id='line_1_27' title="bbox 158 1888 1488 1938; baseline 0.003 -14"><span class='ocrx_word' id='word_1_206' title='bbox 158 1888 464 1938; x_wconf 90' lang='lat' dir='ltr'>reprehenditur.</span> <span class='ocrx_word' id='word_1_207' title='bbox 527 1888 669 1927; x_wconf 87' lang='lat' dir='ltr'>Dices:</span> <span class='ocrx_word' id='word_1_208' title='bbox 704 1888 833 1937; x_wconf 86' lang='lat' dir='ltr'>‘Quid</span> <span class='ocrx_word' id='word_1_209' title='bbox 862 1888 976 1938; x_wconf 85' lang='lat' dir='ltr'>igitur</span> <span class='ocrx_word' id='word_1_210' title='bbox 996 1901 1137 1927; x_wconf 88' lang='lat' dir='ltr'>causae</span> <span class='ocrx_word' id='word_1_211' title='bbox 1158 1888 1281 1926; x_wconf 81' lang='lat' dir='ltr'>fuit?&#39;</span> <span class='ocrx_word' id='word_1_212' title='bbox 1340 1889 1488 1928; x_wconf 88' lang='lat' dir='ltr'>Dicunt</span> 
     </span>
     <span class='ocr_line' id='line_1_28' title="bbox 156 1953 1488 2005; baseline 0.003 -15"><span class='ocrx_word' id='word_1_213' title='bbox 156 1953 209 1990; x_wconf 92' lang='lat' dir='ltr'>illi</span> <span class='ocrx_word' id='word_1_214' title='bbox 245 1954 405 2003; x_wconf 85' lang='lat' dir='ltr'>quidem</span> <span class='ocrx_word' id='word_1_215' title='bbox 439 1955 630 2003; x_wconf 80' lang='lat' dir='ltr'>pudorem</span> <span class='ocrx_word' id='word_1_216' title='bbox 668 1968 810 2000; x_wconf 88' lang='lat' dir='ltr'>meum,</span> <span class='ocrx_word' id='word_1_217' title='bbox 844 1955 953 2003; x_wconf 84' lang='lat' dir='ltr'>quod</span> <span class='ocrx_word' id='word_1_218' title='bbox 988 1967 1117 2004; x_wconf 86' lang='lat' dir='ltr'>neque</span> <span class='ocrx_word' id='word_1_219' title='bbox 1152 1954 1323 2004; x_wconf 83' lang='lat' dir='ltr'>negarim</span> <span class='ocrx_word' id='word_1_220' title='bbox 1359 1969 1488 2005; x_wconf 83' lang='lat' dir='ltr'>neque</span> 
     </span>
     <span class='ocr_line' id='line_1_29' title="bbox 154 2018 1485 2069; baseline 0.002 -14"><span class='ocrx_word' id='word_1_221' title='bbox 154 2018 426 2057; x_wconf 87' lang='lat' dir='ltr'>vehementius</span> <span class='ocrx_word' id='word_1_222' title='bbox 457 2018 711 2068; x_wconf 73' lang='lat' dir='ltr'>postulari1113</span> <span class='ocrx_word' id='word_1_223' title='bbox 741 2020 809 2056; x_wconf 90' lang='lat' dir='ltr'>sed</span> <span class='ocrx_word' id='word_1_224' title='bbox 832 2032 912 2056; x_wconf 94' lang='lat' dir='ltr'>non</span> <span class='ocrx_word' id='word_1_225' title='bbox 938 2027 995 2056; x_wconf 90' lang='lat' dir='ltr'>est</span> <span class='ocrx_word' id='word_1_226' title='bbox 1020 2019 1059 2057; x_wconf 87' lang='lat' dir='ltr'>id</span> <span class='ocrx_word' id='word_1_227' title='bbox 1079 2033 1085 2063; x_wconf 90' lang='lat'>;</span> <span class='ocrx_word' id='word_1_228' title='bbox 1114 2032 1205 2056; x_wconf 90' lang='lat' dir='ltr'>nam</span> <span class='ocrx_word' id='word_1_229' title='bbox 1227 2021 1303 2057; x_wconf 84' lang='lat' dir='ltr'>hoc</span> <span class='ocrx_word' id='word_1_230' title='bbox 1324 2019 1485 2069; x_wconf 84' lang='lat' dir='ltr'>quidem</span> 
     </span>
    </p>
   </div>
   <div class='ocr_carea' id='block_1_3' title="bbox 155 2111 1485 2194">
    <p class='ocr_par' dir='ltr' id='par_1_3' title="bbox 155 2111 1485 2194">
     <span class='ocr_line' id='line_1_30' title="bbox 203 2111 1485 2152; baseline 0.002 -11"><span class='ocrx_word' id='word_1_231' title='bbox 203 2121 215 2141; x_wconf 90' lang='lat'>1</span> <span class='ocrx_word' id='word_1_232' title='bbox 244 2111 379 2152; x_wconf 88' lang='lat' dir='ltr'>horum]</span> <span class='ocrx_word' id='word_1_233' title='bbox 399 2117 593 2142; x_wconf 84' lang='lat' dir='ltr'>senatorum</span> <span class='ocrx_word' id='word_1_234' title='bbox 608 2111 697 2141; x_wconf 79' lang='lat' dir='ltr'>Koch</span> <span class='ocrx_word' id='word_1_235' title='bbox 797 2113 816 2141; x_wconf 87' lang='lat'>8</span> <span class='ocrx_word' id='word_1_236' title='bbox 843 2112 1046 2142; x_wconf 84' lang='lat' dir='ltr'>intercessit.</span> <span class='ocrx_word' id='word_1_237' title='bbox 1095 2112 1146 2141; x_wconf 92' lang='lat' dir='ltr'>De</span> <span class='ocrx_word' id='word_1_238' title='bbox 1164 2111 1236 2141; x_wconf 81' lang='lat' dir='ltr'>add.</span> <span class='ocrx_word' id='word_1_239' title='bbox 1263 2111 1337 2142; x_wconf 54' lang='lat' dir='ltr'>lfae’ct.</span> <span class='ocrx_word' id='word_1_240' title='bbox 1448 2124 1485 2144; x_wconf 89' lang='lat'>10</span> 
     </span>
     <span class='ocr_line' id='line_1_31' title="bbox 155 2154 1483 2194; baseline 0.002 -10"><span class='ocrx_word' id='word_1_241' title='bbox 155 2154 257 2184; x_wconf 82' lang='lat' dir='ltr'>locari</span> <span class='ocrx_word' id='word_1_242' title='bbox 275 2155 474 2185; x_wconf 74' lang='lat' dir='ltr'>Ascensz&#39;ns:</span> <span class='ocrx_word' id='word_1_243' title='bbox 501 2157 612 2185; x_wconf 78' lang='lat' dir='ltr'>locare</span> <span class='ocrx_word' id='word_1_244' title='bbox 649 2155 694 2184; x_wconf 68' lang='lat' dir='ltr'>vr!</span> <span class='ocrx_word' id='word_1_245' title='bbox 710 2155 834 2185; x_wconf 43' lang='lat' dir='ltr'>locare,</span> <span class='ocrx_word' id='word_1_246' title='bbox 855 2154 944 2186; x_wconf 81' lang='lat' dir='ltr'>codd.</span> <span class='ocrx_word' id='word_1_247' title='bbox 1077 2166 1113 2194; x_wconf 92' lang='lat'>17</span> <span class='ocrx_word' id='word_1_248' title='bbox 1140 2157 1275 2185; x_wconf 84' lang='lat' dir='ltr'>tandem</span> <span class='ocrx_word' id='word_1_249' title='bbox 1296 2155 1483 2186; x_wconf 69' lang='lat' dir='ltr'>Con‘adus:</span> 
     </span>
    </p>
   </div>
   <div class='ocr_carea' id='block_1_4' title="bbox 152 2208 1485 2446">
    <p class='ocr_par' dir='ltr' id='par_1_4' title="bbox 152 2208 1485 2446">
     <span class='ocr_line' id='line_1_32' title="bbox 1335 2208 1341 2224; baseline 0 0"><span class='ocrx_word' id='word_1_250' title='bbox 1335 2208 1341 2224; x_wconf 88' lang='lat' dir='ltr'>l</span> 
     </span>
     <span class='ocr_line' id='line_1_33' title="bbox 155 2231 1484 2273; baseline 0.002 -13"><span class='ocrx_word' id='word_1_251' title='bbox 155 2236 266 2261; x_wconf 85' lang='lat' dir='ltr'>tamen</span> <span class='ocrx_word' id='word_1_252' title='bbox 284 2231 371 2263; x_wconf 80' lang='lat' dir='ltr'>codd.</span> <span class='ocrx_word' id='word_1_253' title='bbox 389 2232 525 2272; x_wconf 61' lang='lat' dir='ltr'>Seyff&#39;rt</span> <span class='ocrx_word' id='word_1_254' title='bbox 614 2232 672 2261; x_wconf 88' lang='lat' dir='ltr'>tibi</span> <span class='ocrx_word' id='word_1_255' title='bbox 692 2242 718 2261; x_wconf 80' lang='lat' dir='ltr'>v.</span> <span class='ocrx_word' id='word_1_256' title='bbox 733 2243 757 2261; x_wconf 81' lang='lat' dir='ltr'>c.</span> <span class='ocrx_word' id='word_1_257' title='bbox 773 2231 891 2261; x_wconf 70' lang='grc' dir='ltr'>ΝΡΜ1</span> <span class='ocrx_word' id='word_1_258' title='bbox 908 2244 914 2261; x_wconf 91' lang='lat'>:</span> <span class='ocrx_word' id='word_1_259' title='bbox 942 2232 1003 2261; x_wconf 88' lang='lat' dir='ltr'>sibi</span> <span class='ocrx_word' id='word_1_260' title='bbox 1023 2231 1150 2262; x_wconf 55' lang='lat' dir='ltr'>tls-&#39;0²3</span> <span class='ocrx_word' id='word_1_261' title='bbox 1169 2244 1175 2263; x_wconf 79' lang='lat' dir='ltr'><em>z</em></span> <span class='ocrx_word' id='word_1_262' title='bbox 1193 2233 1242 2263; x_wconf 87' lang='lat' dir='ltr'>eis</span> <span class='ocrx_word' id='word_1_263' title='bbox 1261 2234 1314 2273; x_wconf 71' lang='lat' dir='ltr'>(ex</span> <span class='ocrx_word' id='word_1_264' title='bbox 1330 2234 1361 2272; x_wconf 71' lang='lat' dir='ltr'>s)</span> <span class='ocrx_word' id='word_1_265' title='bbox 1380 2233 1484 2263; x_wconf 71' lang='lat' dir='ltr'><em>Reid:</em></span> 
     </span>
     <span class='ocr_line' id='line_1_34' title="bbox 154 2273 1485 2316; baseline 0.003 -13"><span class='ocrx_word' id='word_1_266' title='bbox 154 2275 217 2304; x_wconf 88' lang='lat' dir='ltr'>sivi</span> <span class='ocrx_word' id='word_1_267' title='bbox 232 2273 390 2315; x_wconf 64' lang='lat' dir='ltr'>Madvzg:</span> <span class='ocrx_word' id='word_1_268' title='bbox 418 2276 450 2305; x_wconf 93' lang='lat' dir='ltr'>id</span> <span class='ocrx_word' id='word_1_269' title='bbox 468 2275 495 2304; x_wconf 92' lang='lat' dir='ltr'><em>L</em></span> <span class='ocrx_word' id='word_1_270' title='bbox 516 2276 669 2314; x_wconf 33' lang='lat' dir='ltr'>gmarg.):</span> <span class='ocrx_word' id='word_1_271' title='bbox 695 2275 727 2305; x_wconf 92' lang='lat' dir='ltr'>id</span> <span class='ocrx_word' id='word_1_272' title='bbox 752 2275 783 2305; x_wconf 88' lang='lat' dir='ltr'>ei</span> <span class='ocrx_word' id='word_1_273' title='bbox 810 2275 930 2305; x_wconf 72' lang='lat' dir='ltr'>Orelli:</span> <span class='ocrx_word' id='word_1_274' title='bbox 955 2275 1013 2305; x_wconf 67' lang='lat' dir='ltr'>dcl.</span> <span class='ocrx_word' id='word_1_275' title='bbox 1043 2276 1192 2306; x_wconf 77' lang='lat' dir='ltr'>Faernus</span> <span class='ocrx_word' id='word_1_276' title='bbox 1315 2287 1356 2307; x_wconf 88' lang='lat'>20</span> <span class='ocrx_word' id='word_1_277' title='bbox 1381 2276 1485 2316; x_wconf 80' lang='lat' dir='ltr'>porti-</span> 
     </span>
     <span class='ocr_line' id='line_1_35' title="bbox 154 2318 1483 2360; baseline 0.002 -13"><span class='ocrx_word' id='word_1_278' title='bbox 154 2327 227 2347; x_wconf 89' lang='lat' dir='ltr'>cum</span> <span class='ocrx_word' id='word_1_279' title='bbox 260 2318 327 2348; x_wconf 82' lang='lat' dir='ltr'>secl.</span> <span class='ocrx_word' id='word_1_280' title='bbox 371 2318 510 2358; x_wconf 78' lang='lat' dir='ltr'>Tyrrell:</span> <span class='ocrx_word' id='word_1_281' title='bbox 550 2318 666 2359; x_wconf 83' lang='grc' dir='ltr'>πόρνην</span> <span class='ocrx_word' id='word_1_282' title='bbox 696 2319 880 2349; x_wconf 73' lang='lat' dir='ltr'>Gronovius</span> <span class='ocrx_word' id='word_1_283' title='bbox 908 2319 973 2349; x_wconf 89' lang='lat' dir='ltr'>coll.</span> <span class='ocrx_word' id='word_1_284' title='bbox 1001 2318 1052 2349; x_wconf 78' lang='lat' dir='ltr'>De</span> <span class='ocrx_word' id='word_1_285' title='bbox 1076 2319 1186 2349; x_wconf 83' lang='lat' dir='ltr'>Domo</span> <span class='ocrx_word' id='word_1_286' title='bbox 1218 2329 1274 2349; x_wconf 93' lang='lat'>111</span> <span class='ocrx_word' id='word_1_287' title='bbox 1441 2331 1483 2360; x_wconf 83' lang='lat'>23</span> 
     </span>
     <span class='ocr_line' id='line_1_36' title="bbox 154 2362 1483 2405; baseline 0.002 -11"><span class='ocrx_word' id='word_1_288' title='bbox 154 2364 362 2394; x_wconf 84' lang='lat' dir='ltr'>Formianam</span> <span class='ocrx_word' id='word_1_289' title='bbox 381 2362 518 2402; x_wconf 71' lang='lat' dir='ltr'>Scyffsrl</span> <span class='ocrx_word' id='word_1_290' title='bbox 636 2364 678 2391; x_wconf 81' lang='lat'>28</span> <span class='ocrx_word' id='word_1_291' title='bbox 703 2374 778 2392; x_wconf 83' lang='lat' dir='ltr'>nam</span> <span class='ocrx_word' id='word_1_292' title='bbox 796 2364 859 2393; x_wconf 91' lang='lat' dir='ltr'>hoc</span> <span class='ocrx_word' id='word_1_293' title='bbox 878 2365 957 2402; x_wconf 86' lang='lat' dir='ltr'>quid</span> <span class='ocrx_word' id='word_1_294' title='bbox 976 2365 1076 2393; x_wconf 87' lang='lat' dir='ltr'>etiam</span> <span class='ocrx_word' id='word_1_295' title='bbox 1095 2365 1300 2403; x_wconf 70' lang='lat' dir='ltr'>profuisset?</span> <span class='ocrx_word' id='word_1_296' title='bbox 1325 2364 1460 2405; x_wconf 63' lang='lat' dir='ltr'>Se3ffi&#39;rl</span> <span class='ocrx_word' id='word_1_297' title='bbox 1476 2376 1483 2396; x_wconf 76' lang='lat' dir='ltr'><em>z</em></span> 
     </span>
     <span class='ocr_line' id='line_1_37' title="bbox 152 2406 962 2446; baseline -0.001 -8"><span class='ocrx_word' id='word_1_298' title='bbox 152 2417 230 2438; x_wconf 83' lang='lat' dir='ltr'>num</span> <span class='ocrx_word' id='word_1_299' title='bbox 248 2407 309 2438; x_wconf 83' lang='lat' dir='ltr'>hoc</span> <span class='ocrx_word' id='word_1_300' title='bbox 327 2407 463 2446; x_wconf 82' lang='lat' dir='ltr'>quidem</span> <span class='ocrx_word' id='word_1_301' title='bbox 483 2407 582 2437; x_wconf 85' lang='lat' dir='ltr'>etiam</span> <span class='ocrx_word' id='word_1_302' title='bbox 603 2406 785 2446; x_wconf 84' lang='lat' dir='ltr'>profuisset</span> <span class='ocrx_word' id='word_1_303' title='bbox 801 2409 809 2437; x_wconf 61' lang='lat'><em>3</em></span> <span class='ocrx_word' id='word_1_304' title='bbox 840 2406 962 2446; x_wconf 53' lang='lat' dir='ltr'>Tsi&#39;rrcll</span> 
     </span>
    </p>
   </div>
  </div>
 </body>
</html>
