1732 2661
170 236 223 274 II.
243 237 303 273 vii
623 240 677 276 M.
710 240 877 276 TVLLI
911 239 1216 278 CICERONIS

251 346 382 386 ieiuna
409 349 583 387 tabellari
610 349 752 399 legatio
781 351 894 387 datur
915 349 949 387 ei
971 349 1081 387 cuius
1109 351 1327 388 tribunatus
1348 351 1398 389 ad
1419 350 1582 389 istorum

251 419 428 463 tempora
466 422 690 452 reservatur.
752 415 928 452 Incende
967 414 1183 461 hominem,
1217 416 1360 453 amabo
1394 423 1443 462 te,
1474 416 1582 465 quod

250 485 374 526 potes.
434 480 523 517 Vna
554 492 642 528 spes
673 486 731 517 est
761 478 895 516 salutis
925 479 1087 517 istorum
1115 479 1214 518 inter
1240 480 1335 518 istos
1365 479 1582 526 dissensi03

251 542 361 581 cuius
401 557 473 593 ego
514 546 709 594 quaedam
750 544 860 582 initia
895 544 998 582 sensi
1036 558 1083 583 ex
1121 545 1304 584 Curione.
1366 547 1451 583 Iam
1490 558 1582 583 vero

250 608 385 646 Arrius
420 611 669 647 consulatum
706 609 779 647 sibi
814 617 992 659 ereptum
1024 609 1176 657 fremit;
1218 610 1514 660 Megabocchus
1544 617 1582 648 et
1602 622 1618 652 5

250 674 346 712 haec
376 674 623 724 sanguinaria
644 674 826 713 iuventus
854 674 1123 712 inimicissima
1152 683 1219 712 est.
1279 676 1456 713 Accedat
1476 687 1579 720 vero,

248 740 411 778 accedat
436 739 553 778 etiam
581 740 653 778 ista
678 740 757 778 rixa
782 748 1002 790 auguratus.
1064 741 1186 790 Spero
1208 753 1270 778 me
1291 741 1506 790 praeclaras
1531 741 1581 778 de

248 803 330 841 istis
352 805 467 842 rebus
489 804 674 854 epistulas
695 806 746 843 ad
768 813 805 843 te
826 819 942 855 saepe
965 805 1182 843 missurum.

202 875 229 912 4
303 871 381 908 Sed
411 869 507 908 illud
542 870 638 920 quid
668 870 716 908 sit
748 871 845 909 scire
879 870 1007 920 cupio,
1043 871 1151 920 quod
1178 869 1270 908 iacis
1305 871 1472 908 obscure
1503 870 1579 908 iam

249 934 365 972 etiam
396 948 442 973 ex
472 935 565 985 ipsis
596 935 771 986 quinque
799 936 886 973 viris
912 935 1019 985 loqui
1045 937 1249 985 quosdam.
1311 935 1513 983 Quidnam
1539 935 1579 973 id
1602 948 1640 970 10

248 1001 335 1038 est?
393 1000 432 1038 Si
467 1009 524 1038 est
559 1000 664 1039 enim
696 1001 859 1050 aliquid,
893 1002 979 1050 plus
1015 1008 1072 1039 est
1105 1000 1199 1039 boni
1234 1014 1352 1050 quarn
1387 1008 1575 1049 putaram.

247 1066 380 1114 Atque
401 1066 498 1103 haec
523 1065 578 1104 sic
600 1066 714 1104 velim
739 1066 935 1104 existimes
958 1080 1038 1104 non
1061 1079 1122 1104 me
1147 1066 1216 1104 abs
1244 1073 1281 1103 te
1310 1067 1401 1102 κατὰ
1426 1066 1468 1103 τὸ
1492 1083 1579 1114 πρα-

247 1132 369 1169 κτικὸν
401 1144 598 1181 quaerere,
631 1132 740 1181 quod
774 1131 913 1182 gestiat
945 1131 1099 1169 animus
1135 1130 1284 1181 aliquid
1317 1144 1430 1181 agere
1464 1130 1503 1168 in
1539 1145 1578 1169 re

246 1195 413 1245 publica.
475 1198 560 1234 Iam
591 1196 742 1246 pridem
773 1196 990 1246 gubernare
1020 1210 1083 1234 me
1113 1196 1308 1242 taedebat,
1337 1195 1454 1233 etiam
1485 1208 1575 1233 cum

245 1261 411 1307 licebat3
446 1275 551 1299 nunc
582 1275 673 1299 vero
703 1275 794 1299 cum
825 1275 942 1311 cogar
970 1261 1073 1300 exire
1103 1263 1153 1300 de
1183 1261 1270 1299 navi
1301 1274 1381 1298 non
1413 1260 1575 1298 abiectis
1599 1273 1636 1304 15

245 1327 314 1364 sed
345 1326 485 1376 ereptis
515 1327 800 1376 gubernaculis,
836 1327 953 1377 cupio
983 1327 1145 1365 istorum
1175 1326 1374 1377 naufragia
1403 1340 1449 1364 ex
1479 1334 1578 1365 terra

244 1389 396 1438 intueri,
419 1391 550 1441 cupio,
572 1399 612 1429 ut
633 1392 686 1430 ait
708 1400 797 1430 tuus
820 1391 970 1430 amicus
992 1393 1219 1442 Sophocles,

970 1469 1036 1507 κᾶν
1064 1470 1134 1508 ὑπὸ
1164 1471 1280 1522 στέγῃ

469 1536 606 1584 πυκνῆς
635 1535 778 1573 ἀκούειν
806 1535 969 1585 ψακάδος
997 1535 1153 1586 εὗδούσῃ
1183 1536 1300 1585 φρενί.

198 1613 224 1653 5
299 1610 360 1647 De
386 1624 498 1648 muro
524 1610 619 1659 quid
645 1624 744 1660 opus
771 1611 819 1648 sit
846 1611 1008 1650 videbis.
1069 1611 1356 1651 Castricianum
1384 1612 1574 1649 mendum
1597 1624 1634 1646 20

242 1688 314 1712 nos
348 1675 595 1725 corrigemus,
635 1684 672 1714 et
705 1684 837 1715 tamen
870 1678 920 1715 ad
956 1691 1018 1715 me
1052 1677 1225 1725 Quintus
1258 1678 1328 1715 HS
1361 1688 1478 1714 ccmo
1509 1689 1574 1715 133

241 1740 455 1791 scripserat,
489 1746 593 1781 †non
624 1743 674 1780 ad
706 1755 879 1780 sororem
911 1751 1018 1781 tuam
1051 1744 1121 1781 HS
1149 1755 1248 1780 xxx.
1272 1746 1332 1781 a.†
1388 1741 1573 1780 Terentia

240 1805 311 1844 tibi
331 1808 496 1844 salutem
518 1807 622 1845 dicit.
686 1808 825 1847 Cicero
847 1808 917 1847 tibi
948 1810 1109 1847 mandat
1130 1817 1171 1846 ut
1193 1808 1445 1846 Aristodemo
1466 1807 1571 1845 idem

239 1871 290 1908 de
317 1884 357 1909 se
386 1873 624 1922 respondeas
657 1875 764 1923 quod
794 1876 844 1913 de
870 1876 984 1913 fratre
1015 1888 1097 1921 suo,
1121 1873 1262 1912 sororis
1284 1881 1372 1910 tuae
1403 1872 1494 1919 filio,
1518 1886 1571 1910 re-

239 1937 442 1985 spondisti.
505 1941 566 1977 De
597 1941 803 1991 Ἀμαλθείᾳ
834 1941 943 1990 quod
973 1953 1035 1978 me
1064 1941 1255 1978 admones
1285 1952 1366 1976 non
1396 1940 1571 1988 neglege·
1594 1947 1629 1978 25

238 2014 335 2038 mus.
396 2004 500 2042 Cura
521 2013 561 2042 ut
584 2008 721 2044 valeas.

280 2116 300 2144 3
335 2113 432 2146 potes
471 2110 586 2141 codices
636 2111 863 2153 Affalaspz'nae:
912 2118 1024 2152 potest
1056 2112 1142 2145 codd.
1343 2112 1440 2142 istos*
1477 2111 1567 2150 ipsos

238 2149 333 2180 codex
349 2152 470 2183 Ambr.
500 2156 537 2183 16
693 2159 714 2186 6
739 2156 970 2196 sanguinaria]
996 2156 1147 2195 saginata
1171 2155 1356 2186 Francken:
1398 2156 1566 2193 sanguine

237 2195 391 2231 saginata
408 2197 484 2227 coni.
508 2198 600 2228 Reid.
622 2199 687 2229 coll.
702 2198 782 2230 Sest.
804 2201 843 2237 78
982 2210 1018 2229 10
1041 2201 1190 2239 quinque
1202 2199 1288 2230 codd.
1312 2200 1364 2238 (cs.
1376 2197 1566 2228 x'lffommsen

241 2236 440 2269 ίΘνοιιιαιίτῐ
455 2241 586 2271 vetercs'
607 2242 637 2273 ii.
660 2245 736 2280 224)
755 2254 762 2271 ·.
784 2243 904 2280 viginti
923 2242 1016 2273 Μαη.
1162 2243 1200 2272 18
1224 2240 1299 2282 κᾶν]
1313 2242 1364 2273 καὶ
1382 2241 1542 2271 Slobaetts
1558 2253 1565 2272 t

234 2280 304 2323 κᾷθ’
322 2282 463 2313 Me1·›1eke
638 2294 676 2313 21
706 2284 768 2314 HS
791 2285 1002 2325 [Vescnbm-g:
1027 2286 1059 2315 di
1078 2286 1118 2315 M
1299 2296 1339 2314 22
1365 2285 1448 2325 non]
1476 2296 1565 2315 nunc

234 2326 284 2356 vel
305 2337 370 2356 non
398 2333 434 2358 ut
457 2327 646 2368 Malaspt'mt
822 2338 902 2358 xxx.
923 2328 958 2368 a]
984 2339 1063 2360 xxX.
1083 2335 1116 2359 at
1140 2328 1181 2357 M
1197 2330 1223 2358 ':
1249 2339 1359 2358 xxxm
1385 2330 1434 2358 vel
1456 2338 1563 2358 xxxw

240 2368 252 2396 Ῑ
256 2368 428 2410 ½⁷Se112147¹g
