1773 2651
152 178 228 214 ΙΙΙ.
254 177 313 213 vii
613 178 666 213 M.
700 177 866 213 TVLLI
900 176 1207 214 CICERONIS

250 286 523 325 nesciebamus
540 301 548 333 3
578 300 696 336 quem
727 286 888 335 quidem
910 299 982 336 ego
1003 300 1075 324 nec
1096 301 1169 335 quo
1189 288 1310 326 modo
1332 287 1481 325 visurus
1502 300 1575 326 nec

247 360 288 391 ut
320 353 550 391 dimissurus
580 351 653 389 sim
681 351 773 390 scio.
835 353 883 390 Id
914 360 971 390 est
1002 352 1215 390 maximum
1247 361 1285 391 et
1316 352 1575 391 miserrimum

246 431 420 456 mearum
455 416 633 455 omnium
667 416 919 454 miseriarum.
980 419 1065 467 Ego
1105 425 1142 455 et
1180 417 1334 467 saepius
1372 418 1423 455 ad
1463 425 1500 455 te
1538 424 1576 455 et

245 485 356 533 plura
390 481 610 527 scriberem,
648 480 721 518 nisi
754 480 850 518 mihi
880 481 992 519 dolor
1027 495 1137 519 meus
1169 495 1258 519 cum
1295 481 1423 520 omnis
1457 480 1576 531 partis

247 547 388 585 mentis
420 554 503 584 tum
539 545 708 583 maxime
747 545 863 583 huius
901 545 1052 595 generis
1092 547 1316 584 facultatem
1351 545 1572 584 ademisset.
1596 560 1612 592 5

245 611 389 650 Videre
429 619 466 649 te
505 609 633 660 cupio.
695 611 799 649 Cura
838 618 879 647 ut
918 611 1057 648 valeas.
1119 612 1221 648 Data
1259 625 1313 661 pr.
1353 611 1440 648 Kal.
1480 609 1572 647 Mai.

246 676 439 714 Brundisi.

287 782 404 817 VIII
536 784 606 815 Ser.
633 783 870 815 Thessalonicae
886 785 918 815 iv
934 784 976 815 K.
996 785 1070 816 Iun.
1091 796 1121 816 a.
1145 785 1207 826 696
1225 785 1312 827 (58).

660 861 835 892 CICERO
860 861 1032 892 ATTlCO
1059 861 1157 893 SAL.

206 955 223 982 1
296 941 513 979 Brundisio
540 939 793 990 proficiscens
823 939 1051 989 scripseram
1082 941 1132 977 ad
1164 948 1200 977 te
1234 953 1329 989 quas
1358 939 1409 977 ob
1438 952 1574 977 causas
1598 954 1635 974 10

243 1006 282 1044 in
320 1005 483 1056 Epirum
518 1018 599 1043 non
632 1017 807 1042 essemus
838 1003 1012 1054 profecti,
1051 1005 1160 1054 quod
1192 1012 1230 1042 et
1264 1003 1415 1042 Achaia
1453 1017 1575 1054 prope

244 1078 345 1110 esset
376 1072 492 1120 plena
521 1068 875 1108 audacissimorum
906 1068 1155 1106 inimicorum
1191 1077 1228 1107 et
1256 1069 1380 1107 exitus
1408 1068 1575 1107 difficilis

244 1137 406 1174 haberet
427 1149 517 1173 cum
539 1135 632 1173 inde
654 1133 1000 1184 proficisceremur.
1061 1133 1240 1172 Accessit
1267 1147 1358 1172 cum
1385 1132 1575 1182 Dyrrachi

243 1215 419 1240 essemus
459 1209 501 1239 ut
539 1202 620 1238 duo
663 1199 789 1237 nuntii
828 1201 1081 1245 adferrentur,
1124 1212 1225 1237 unus
1260 1201 1383 1237 classe
1417 1200 1573 1237 fratrem

246 1268 406 1317 Epheso
446 1266 634 1311 Athenas,
675 1266 771 1303 alter
810 1264 978 1314 pedibus
1013 1278 1080 1314 per
1116 1263 1397 1302 Macedoniam
1430 1263 1571 1302 venire.
1597 1276 1631 1307 15

246 1334 385 1382 Itaque
406 1331 459 1368 illi
482 1330 639 1369 obviam
662 1329 839 1367 misimus
868 1331 1044 1368 Athenas
1066 1336 1107 1367 ut
1135 1328 1228 1367 inde
1249 1329 1573 1367 Thessalonicam

244 1397 402 1435 veniret.
464 1395 544 1445 Ipsi
576 1394 838 1445 processimus
873 1402 910 1432 et
941 1394 1266 1433 Thessalonicam
1298 1408 1330 1431 a.
1360 1396 1397 1432 d.
1428 1407 1454 1432 x
1485 1395 1572 1432 Kal.

246 1462 379 1501 Iunias
419 1461 598 1500 venimus
646 1474 776 1510 neque
821 1461 871 1498 de
910 1459 1011 1498 illius
1053 1459 1190 1498 itinere
1230 1459 1443 1509 quicquam
1482 1458 1575 1497 certi

245 1528 490 1566 habebamus
512 1526 584 1564 nisi
612 1540 704 1565 eum
725 1527 776 1565 ab
804 1527 965 1576 Epheso
992 1533 1082 1564 ante
1110 1525 1312 1576 aliquanto
1342 1527 1572 1575 profectum.

201 1602 224 1628 2
246 1594 363 1630 Nunc
385 1591 470 1629 istic
498 1591 594 1641 quid
618 1599 753 1641 agatur
780 1604 924 1640 magno
945 1604 1063 1640 opere
1090 1590 1235 1635 time03
1265 1603 1505 1640 quamquam
1534 1597 1574 1627 tu
1598 1603 1636 1623 20

244 1659 364 1695 altera
395 1656 562 1706 epistula
592 1656 729 1695 scribis
765 1656 905 1694 Idibus
942 1657 1059 1695 Maiis
1097 1657 1222 1695 audiri
1263 1658 1342 1695 fore
1375 1664 1416 1694 ut
1450 1655 1576 1693 acrius

245 1723 517 1772 postularetur,
543 1723 664 1760 altera
693 1722 770 1759 iam
798 1735 883 1760 esse
911 1721 1075 1760 mitiora.
1137 1723 1215 1760 Sed
1243 1723 1340 1760 haec
1367 1728 1425 1759 est
1451 1720 1576 1770 pridie

245 1790 336 1827 data
365 1802 485 1838 quam
516 1787 591 1834 illa,
624 1801 704 1837 quo
734 1789 945 1826 conturber
976 1788 1107 1838 magis.
1171 1790 1310 1838 Itaque
1340 1801 1430 1826 cum
1466 1800 1576 1825 meus

246 1868 308 1892 me
349 1867 501 1891 maeror
534 1852 758 1891 cotidianus
793 1854 935 1891 lacerat
968 1861 1005 1891 et
1041 1853 1201 1892 conficit
1230 1861 1313 1891 tum
1348 1866 1440 1890 vero
1479 1853 1576 1890 haec

244 1918 380 1956 addita
400 1931 492 1956 cura
513 1917 574 1955 vix
595 1917 691 1955 mihi
712 1917 830 1956 vitam
853 1918 1044 1968 reliquam
1066 1918 1168 1956 facit.
1223 1919 1301 1956 Sed
1322 1925 1359 1956 et
1381 1917 1576 1966 navigatio
1600 1931 1635 1962 25

244 1983 483 2034 perdifficilis
529 1982 600 2021 fuit
639 1990 678 2021 et
717 1983 780 2021 ille
820 1983 990 2021 incertus
1030 1983 1098 2021 ubi
1133 1997 1206 2033 ego
1249 1996 1375 2021 essem
1415 1984 1576 2020 fortasse

244 2048 362 2086 alium
406 2061 563 2086 cursum
602 2047 748 2098 petivit.
810 2049 912 2085 Nam
954 2049 1133 2086 Phaetho
1168 2047 1327 2086 libertus
1366 2061 1456 2085 eum
1496 2059 1575 2084 non

292 2163 303 2182 1
327 2162 393 2190 quo
408 2150 485 2181 add.
502 2154 573 2181 vett.
665 2161 683 2180 2
709 2155 744 2180 ut
758 2150 890 2185 Rosius,
904 2151 939 2188 cf.
954 2151 1027 2180 Fin.
1043 2161 1072 2181 v.
1088 2151 1130 2188 48
1144 2163 1150 2180 :
1177 2151 1222 2180 uti
1237 2150 1313 2180 coni.
1333 2149 1450 2180 Orelli:
1478 2150 1508 2179 ui
1523 2149 1575 2180 N:

245 2196 296 2225 cui
315 2195 364 2224 E:
390 2195 443 2225 ubi
464 2195 538 2224 Alls:
564 2195 633 2224 vidi
651 2193 724 2224 Ηπ.
747 2194 872 2224 Locum
898 2194 943 2223 ila
968 2195 1095 2234 refingit
1117 2194 1245 2227 Imzins,
1273 2204 1334 2224 nec
1361 2194 1416 2223 ubi
1444 2194 1577 2223 visurus

246 2249 306 2268 nec
335 2238 504 2277 quomodo
531 2238 731 2268 dimissurus
759 2239 822 2267 sim
913 2237 975 2268 sim
1002 2249 1042 2267 s:
1078 2248 1149 2267 sum
1175 2236 1262 2267 codd.
1293 2237 1384 2266 celeri
1539 2247 1577 2266 10

247 2282 430 2312 Brundisio
455 2281 532 2312 add.
557 2280 717 2311 Graevius
739 2280 933 2320 lVesenberg.
993 2281 1032 2310 In
1058 2281 1145 2310 codd.
1172 2281 1393 2320 proficiscens
1417 2284 1461 2319 ep.
1483 2285 1575 2319 prae-

245 2325 362 2354 cedenti
376 2325 573 2363 adiungitur
736 2334 788 2356 20.
810 2334 847 2354 21
876 2330 910 2353 tu
928 2324 1032 2354 altera
1051 2324 1090 2353 M
1107 2324 1248 2363 (mmg.)
1267 2323 1306 2353 I:
1332 2329 1388 2354 tua
1407 2323 1504 2353 litera
1522 2321 1576 2351 M¹

245 2378 280 2397 21
302 2369 409 2398 audiri
423 2362 467 2397 Zb
483 2367 689 2408 lVesenbm‘g:
708 2368 825 2397 audire
838 2367 894 2399 M:
917 2368 1034 2397 audire
1049 2372 1081 2398 te
1093 2367 1206 2397 Baiter
1291 2377 1331 2396 22
1350 2367 1577 2406 postularetur

245 2411 389 2441 Rosius:
417 2412 604 2450 postularet
627 2411 667 2440 ΑΜ
686 2412 738 2450 (sc.
762 2410 895 2440 Clodius
906 2411 1085 2451 postularet
1102 2410 1139 2450 Q.
1151 2411 1311 2450 fratrem)
1433 2419 1474 2448 23
1500 2419 1576 2439 con-

246 2455 361 2485 turber
377 2454 464 2485 codd.
481 2458 608 2494 praeter
625 2454 683 2484 H:
715 2454 897 2484 conturbor
912 2454 953 2483 H
967 2455 1054 2494 vulg.
