1773 2651
580 190 691 226 EPP.
724 190 802 226 AD
832 189 1092 228 ATTICVM
1436 189 1530 226 VII.
1555 189 1630 226 xiii

194 299 290 350 quid
312 299 535 338 faciendum
563 306 677 349 putes
698 298 867 348 primum
893 300 985 349 πρὸς
1003 300 1046 337 τὸ
1073 300 1245 348 ἀσφαλές
1266 298 1392 349 (aliter
1419 298 1524 337 enim

194 364 291 402 mihi
325 365 375 402 de
405 363 479 402 illis
508 377 553 402 ac
583 365 634 402 de
662 377 724 402 me
752 363 837 414 ipso
867 365 1155 403 consulendum
1186 364 1275 413 est),
1302 364 1448 402 deinde
1474 365 1525 402 ad

193 428 412 480 opiniones,
436 443 486 468 ne
507 430 841 479 reprehendamur
861 430 970 479 quod
991 442 1056 467 eas
1079 431 1233 467 Romae
1254 429 1419 467 velimus
1440 442 1526 467 esse

194 494 233 532 in
254 494 457 533 communi
486 494 683 532 bonorum
708 495 808 543 fuga.
869 494 978 542 Quin
1003 494 1121 532 etiam
1149 494 1219 533 tibi
1250 502 1288 532 et
1316 495 1525 533 Peducaeo

154 573 171 604 5
194 559 363 609 (scripsit
384 558 489 597 enim
510 560 560 597 ad
582 558 661 609 me)
683 558 779 608 quid
807 558 956 597 faciatis
980 558 1195 597 videndum
1223 567 1291 597 est.
1353 560 1392 596 Is
1419 558 1525 596 enim

193 625 380 674 splendor
400 632 457 662 est
478 632 648 662 vestrum
677 632 719 662 ut
739 625 880 662 eadem
908 625 1156 674 postulentur
1175 638 1197 662 a
1217 624 1329 662 vobis
1353 637 1454 673 quae
1473 624 1525 662 ab

192 689 443 740 amplissimis
465 689 626 727 civibus.
682 690 760 728 Sed
782 690 831 727 de
852 691 928 728 hoc
950 697 990 727 tu
1009 689 1174 737 videbis,
1196 689 1342 740 quippe
1362 703 1453 727 cum
1474 690 1524 728 de

193 768 256 792 me
277 754 363 804 ipso
383 768 429 792 ac
450 755 499 793 de
521 754 617 793 meis
639 762 676 792 te
697 754 945 792 considerare
965 754 1094 792 velim.

248 819 463 869 Reliquum
494 826 552 857 est
584 827 625 857 ut
655 827 692 857 et
723 819 818 869 quid
848 827 982 869 agatur
1011 820 1143 868 quoad
1176 819 1319 869 poteris
1347 820 1523 869 explores
1543 828 1569 865 4

136 903 174 924 10
194 884 420 934 scribasque
440 885 491 922 ad
513 898 576 922 me
597 891 635 922 et
660 883 755 934 quid
783 883 865 933 ipse
893 883 1117 922 coniectura
1144 885 1360 933 adsequare
1375 898 1385 930 ,·
1415 884 1523 933 quod

193 948 310 987 etiarn
331 963 354 987 a
375 957 412 987 te
435 949 557 999 magis
574 956 769 999 exspecto.
821 949 925 986 Nam
941 956 1029 986 acta
1048 948 1234 986 omnibus
1251 947 1524 986 nuntiantibus

192 1028 213 1052 a
244 1022 281 1052 te
311 1022 496 1064 exspecto
531 1015 668 1051 futura.
728 1015 895 1054 (Μάντις
930 1014 959 1051 δ’
991 1015 1218 1063 &ptores—3
1278 1011 1525 1062 Loquacitati

192 1079 381 1129 ignosces,
406 1092 507 1128 quae
527 1086 566 1116 et
587 1092 649 1116 me
670 1079 771 1116 levat
791 1080 841 1117 ad
863 1086 900 1117 te
920 1078 1082 1128 quidem
1104 1077 1340 1116 scribentem
1361 1085 1400 1115 et
1420 1076 1525 1115 elicit

192 1151 277 1181 tuas
316 1143 472 1182 litteras.
531 1143 727 1193 Aenigma
762 1141 999 1195 [Oppiorum
1035 1157 1081 1181 ex
1118 1141 1248 1195 Velia]
1288 1143 1403 1192 plane
1442 1155 1522 1181 non
1542 1147 1566 1185 5

136 1226 171 1257 15
193 1208 364 1246 intellexi
380 1223 390 1255 3
420 1215 478 1246 est
499 1207 605 1246 enim
628 1221 792 1246 numero
815 1207 989 1246 Platonis
1011 1207 1226 1246 obscurius.

236 1307 352 1342 XIII
367 1319 391 1341 a
479 1310 548 1341 Scr.
570 1309 757 1340 Menturnis
773 1310 830 1340 vizi
842 1309 886 1340 K.
906 1310 998 1341 Febr.
1018 1321 1048 1341 a.
1073 1320 1126 1349 705
1145 1309 1230 1349 (49).

597 1387 769 1418 CICERO
792 1387 974 1419 ATTICO
996 1387 1103 1418 SAL.

249 1468 332 1504 Iam
355 1466 527 1504 intellexi
545 1473 655 1504 tuum
672 1481 681 1513 3
711 1465 865 1516 Oppios
885 1465 991 1504 enim
1013 1467 1063 1504 de
1079 1465 1193 1504 Velia
1208 1479 1396 1506 saccones
1412 1466 1520 1506 dicis.
1543 1478 1559 1505 1

194 1533 241 1569 In
272 1545 319 1570 eo
349 1530 522 1569 aestuavi
552 1530 630 1569 diu.
691 1532 784 1579 Quo
813 1538 948 1580 aperto
977 1530 1126 1580 reliqua
1153 1532 1341 1580 patebant
1367 1539 1405 1570 et
1432 1546 1522 1570 cum

134 1615 173 1636 20
193 1596 401 1635 Terentiae
435 1609 591 1634 summa
629 1596 909 1645 congruebant.
971 1597 1014 1633 L.
1050 1597 1259 1635 Caesarem
1299 1597 1379 1635 vidi
1412 1599 1523 1637 Men·
1543 1608 1567 1635 2

193 1662 316 1700 turnis
346 1676 377 1699 a.
401 1662 438 1699 d.
462 1674 536 1698 vm
568 1662 655 1699 Kal.
687 1662 797 1699 Febr.
831 1675 947 1699 mane
977 1675 1068 1699 cum
1097 1661 1388 1700 absurdissimis
1418 1677 1525 1701 man-

193 1726 304 1773 datis,
331 1741 411 1764 non
444 1726 646 1764 hominem
674 1727 744 1764 sed
771 1739 910 1776 scopas
938 1727 1094 1775 solutas,
1122 1733 1164 1764 ut
1194 1725 1234 1764 id
1265 1726 1394 1776 ipsum
1430 1727 1525 1766 mihi

193 1791 255 1829 ille
276 1791 453 1829 videatur
480 1790 675 1829 inridendi
697 1804 815 1828 causa
841 1790 979 1829 fecisse
1000 1791 1067 1840 qui
1088 1791 1204 1829 tantis
1225 1792 1275 1830 de
1296 1793 1412 1830 rebus
1433 1793 1524 1831 huic

194 1857 380 1894 mandata
407 1854 584 1901 dederit;
614 1854 687 1892 nisi
714 1856 812 1892 forte
842 1869 923 1893 non
951 1854 1061 1893 dedit
1091 1863 1128 1893 et
1158 1855 1221 1894 hic
1249 1869 1429 1895 sermone
1459 1858 1523 1896 ali-

134 1938 171 1969 25
194 1934 274 1969 quo
294 1928 447 1969 arrepto
468 1933 537 1969 pro
560 1918 753 1956 mandatis
773 1919 919 1957 abusus
941 1927 1008 1958 est.

250 1983 459 2029 Labienus,
501 1983 556 2020 vir
601 1997 688 2021 mea
732 1984 927 2022 sententia
974 1998 1148 2035 magnus,
1191 1986 1371 2024 Teanum
1417 1986 1523 2024 venit
1542 1997 1567 2034 3

192 2063 224 2086 a.
248 2050 284 2087 d.
309 2061 399 2086 V1111
424 2049 511 2085 Kal.
573 2047 634 2085 Ibi
658 2048 891 2097 Pompeium
913 2051 1175 2099 consulesque
1196 2050 1390 2088 convenit.
1443 2051 1523 2099 Qui

194 2126 321 2151 sermo
351 2111 464 2150 fuerit
495 2120 532 2150 et
559 2112 655 2161 quid
683 2119 814 2150 actum
840 2112 887 2150 sit
915 2112 1081 2151 scribam
1110 2115 1161 2152 ad
1189 2122 1226 2152 te
1256 2128 1346 2152 cum
1374 2122 1523 2153 certum

238 2218 258 2245 6
278 2221 390 2246 vester
402 2215 490 2245 Reid
501 2214 648 2254 idemque
664 2215 737 2255 legit
753 2215 799 2244 ad
807 2216 893 2246 Pln'l.
908 2215 948 2246 iv.
965 2227 991 2253 1,
1004 2228 1034 2247 v.
1048 2227 1066 2246 2
1160 2228 1196 2256 14
1220 2218 1365 2259 litteras]
1380 2222 1453 2258 post
1468 2219 1527 2249 lzoc

194 2260 326 2289 verbum
346 2269 470 2288 novam
483 2258 657 2297 eprstulam
672 2259 805 2299 incipere
816 2260 947 2298 putavit
962 2260 1128 2290 Corradus
1242 2272 1290 2300 14,
1308 2272 1344 2301 15
1355 2262 1524 2301 Aenigma

195 2327 202 2333 .
219 2327 225 2333 .
241 2327 246 2333 .
264 2302 456 2342 obscurius]
482 2300 561 2332 Huc
582 2302 622 2331 ab
643 2303 796 2342 epistulae
817 2302 874 2332 xiii
897 2313 926 2333 a.
946 2304 1036 2333 initio
1057 2305 1223 2334 transtulit
1240 2305 1277 2335 O.
1295 2305 1335 2335 E.
1352 2304 1524 2336 Schmidt:

196 2345 386 2385 Oppiorum
420 2356 463 2375 ex
492 2346 590 2375 Velia
620 2345 687 2376 secl.
716 2344 847 2376 Schz'itz.
904 2345 994 2376 Ante
1028 2347 1127 2386 plane
1158 2347 1234 2378 add.
1268 2349 1378 2387 primo
1407 2349 1528 2388 Tyrrell

197 2389 313 2429 plane]
333 2399 442 2428 paene
470 2388 653 2419 Gronovius
787 2399 823 2428 15
850 2390 999 2420 numeris
1026 2389 1209 2421 Gronovius
1350 2392 1388 2421 18
1413 2393 1522 2433 tuum]

197 2439 309 2463 tamen
334 2432 478 2463 Scln‘itz:
511 2436 618 2462 totum
642 2433 721 2462 coni.
744 2431 864 2463 Orelli:
889 2433 970 2471 sort.
1001 2432 1131 2474 αἴνιγμα
1157 2439 1250 2466 tuum
1360 2445 1524 2471 succones

197 2476 318 2508 Hosius
452 2485 490 2514 19
514 2475 664 2507 aestuavi
684 2474 804 2507 Lamb.
823 2487 828 2506 :
856 2482 929 2509 estu
947 2481 1003 2508 aut
1023 2477 1063 2510 M

1378 2522 1437 2556 15*
