1773 2651
140 557 156 588 5

120 884 158 905 10

115 1536 154 1557 20

584 170 696 206 EPP.
729 170 806 206 AD
836 170 1096 207 ATTICVM
1423 170 1541 207 VIII.
1565 169 1610 206 xi

180 290 312 321 noster
341 281 482 327 Attice,
506 294 586 318 non
617 280 812 318 hariolans
842 287 884 318 ut
910 279 975 318 illa
1004 278 1066 318 cui
1101 293 1219 318 nemo
1248 279 1415 319 credidit
1445 280 1514 319 sed

179 347 405 386 coniectura
426 345 679 396 prospiciens,

236 414 425 461 ‘Iamque
446 410 542 449 mari
564 424 707 460 magno
727 433 777 439 —-

179 492 259 516 non
290 479 425 524 multo,
457 477 629 526 inquam,
662 490 775 515 secus
809 489 970 527 possum
1003 475 1213 514 vaticinari.
1273 477 1402 514 Tanta
1436 489 1513 514 ma-

178 545 304 581 lorum
326 543 529 592 impendet
545 542 667 582 Ἰλιάς.
727 544 860 591 Atque
887 543 962 580 hoc
991 549 1122 579 nostra
1145 540 1296 591 gravior
1316 549 1373 579 est
1394 555 1513 580 causa

177 608 243 657 qui
275 607 384 646 domi
418 620 552 645 sumus
583 620 701 656 quam
735 607 889 644 illorum
925 606 991 656 qui
1021 620 1099 644 una
1129 606 1372 652 transierunt,
1400 608 1508 656 quod

177 673 229 710 illi
265 671 365 725 [qui]
404 674 567 710 alterum
608 680 797 718 metuunt,
839 685 910 710 nos
950 678 1170 721 utrumque.
1232 673 1335 711 ‘Cur
1373 671 1552 722 igitur’4

177 737 305 787 inquis
331 737 609 775 ‘remansimus
626 738 662 774 ?'
718 738 792 774 Vel
823 736 892 774 tibi
919 736 1119 786 paruimus
1144 737 1204 774 vel
1234 749 1315 774 non
1345 736 1508 775 occurri-

177 816 263 840 mus
295 804 355 841 vel
390 803 466 840 hoc
504 802 575 839 fuit
614 801 765 840 rectius.
840 800 1086 847 Conculcari,
1121 800 1293 850 inquam,
1327 801 1509 840 miseram

178 867 332 906 Italiam
354 867 506 905 videbis
531 867 707 917 proxima
733 874 879 904 aestate
900 870 1019 915 †qaut
1046 865 1249 916 utriusque
1273 866 1337 906 in†
1366 867 1510 905 manci-

176 933 249 984 piis
283 947 330 971 ex
361 932 470 971 omni
508 945 649 982 genere
688 930 888 978 conlectis,
922 944 995 968 nec
1035 938 1115 968 tam
1147 930 1293 981 †iptio†
1332 931 1510 982 pertime-

176 999 332 1044 scenda,
366 1010 467 1047 quae
508 996 695 1035 Luceriae
726 996 857 1034 multis
887 995 1134 1034 sermonibus
1164 996 1396 1035 denuntiata
1425 1011 1510 1037 esse

175 1063 326 1109 dicitur,
368 1076 487 1112 quam
526 1062 796 1102 †u1iiversan1†
838 1061 1025 1099 interitus.
1103 1063 1251 1099 Tantas
1292 1061 1331 1100 in
1377 1062 1509 1101 confli-

174 1129 305 1178 gendo
340 1127 541 1177 utriusque
579 1126 667 1164 viris
702 1127 818 1165 video
852 1127 1008 1164 futuras.
1070 1126 1209 1165 Habes
1241 1127 1507 1166 coniecturam

175 1206 314 1231 meam.
374 1195 437 1230 Tu
457 1200 587 1230 autem
610 1191 890 1230 consolationis
911 1193 1072 1230 fortasse
1092 1191 1241 1242 aliquid
1262 1192 1504 1243 exspectasti.

176 1258 284 1296 Nihil
323 1257 492 1304 invenio,
524 1257 620 1295 nihil
660 1257 740 1295 fieri
779 1264 908 1306 potest
947 1256 1135 1304 miserius,
1173 1257 1269 1295 nihil
1304 1258 1503 1308 perditius,

174 1323 270 1361 nihil
299 1323 463 1362 foedius.

228 1390 350 1437 Quod
379 1388 532 1438 quaeris
562 1388 658 1438 quid
686 1389 830 1427 Caesar
855 1389 905 1426 ad
933 1401 995 1426 me
1017 1387 1222 1437 scripserit,
1245 1389 1354 1438 quod
1375 1402 1505 1439 saepe,
1524 1398 1550 1438 5

172 1453 435 1503 gratissimum
462 1453 535 1492 sibi
565 1467 649 1492 esse
677 1454 784 1503 quod
814 1452 989 1502 quierim,
1013 1460 1176 1502 oratque
1206 1452 1245 1490 in
1276 1466 1324 1492 eo
1354 1461 1395 1491 ut
1425 1468 1506 1504 per-

173 1532 357 1557 severem.
418 1520 565 1557 Balbus
587 1518 714 1556 minor
734 1519 831 1556 haec
856 1519 994 1556 eadem
1017 1519 1214 1556 mandata.
1274 1520 1352 1557 Iter
1371 1526 1503 1558 autem

173 1583 254 1622 eius
276 1591 356 1623 erat
375 1585 426 1623 ad
449 1585 661 1622 Lentulum
692 1584 895 1621 consulem
920 1595 1011 1620 cum
1039 1582 1175 1621 litteris
1201 1584 1378 1622 Caesaris
1399 1598 1504 1634 prae-

173 1649 420 1699 miorumque
450 1648 649 1700 promissis
681 1648 712 1686 si
744 1650 915 1686 Romam
945 1647 1173 1686 revertisset.
1238 1650 1387 1687 Verum
1412 1663 1502 1688 cum

172 1714 300 1752 habeo
344 1714 535 1752 rationem
579 1714 743 1762 dierum,
783 1720 875 1752 ante
922 1720 1018 1763 puto
1066 1713 1335 1752 tramissurum
1383 1728 1501 1764 quam

170 1778 340 1829 potuerit
369 1779 580 1818 conveniri.

795 412 803 428 1

215 1895 231 1922 7
257 1885 313 1923 qui
329 1884 397 1915 secl.
413 1884 590 1915 Biiclzelcr:
625 1885 762 1924 quidem
785 1888 856 1915 vett.
984 1889 1138 1915 metuunt
1155 1887 1242 1915 vem:
1277 1890 1441 1916 manuunt
1465 1885 1507 1916 M

170 1929 190 1957 8
215 1928 438 1968 occurrimus]
456 1928 602 1959 occurrit
620 1928 740 1959 melius
754 1928 837 1958 Boot
974 1938 1013 1959 10
1036 1934 1116 1967 qaut
1135 1928 1200 1966 Ml,
1216 1939 1295 1959 corr.
1313 1929 1347 1958 in
1364 1934 1420 1959 aut
1435 1940 1441 1959 :
1467 1934 1502 1960 et

170 1972 261 2009 quati
283 1971 371 2007 Vict.,
388 1972 521 2001 verhmn
543 1972 598 2002 vix
613 1973 692 2002 satis
711 1982 814 2012 grave
832 1976 909 2012 post
928 1972 1119 2002 conculcari
1194 1981 1229 2001 11
1257 1971 1355 2013 iptio]
1373 1974 1501 2012 emptio

171 2009 214 2045 Zb
232 2026 306 2045 v.c.:
331 2015 532 2054 proscriptio
548 2016 658 2055 vulg:
683 2016 827 2054 direptio
850 2016 1000 2045 Muretus
1016 2015 1158 2055 Madvig
1291 2025 1338 2055 12,
1363 2026 1400 2054 13
1425 2027 1500 2047 esse

171 2059 291 2088 dicitur
308 2059 510 2089 Gronovius:
537 2064 588 2088 est
607 2059 708 2097 igitur
724 2059 765 2088 M
860 2069 897 2096 13
922 2058 1129 2099 universam]
1146 2059 1323 2089 universae
1341 2070 1366 2090 r.
1383 2070 1414 2099 p.
1432 2059 1500 2090 Bra·-

171 2102 284 2131 clzeler:
307 2102 487 2132 universae
502 2102 618 2132 Italiae
635 2101 838 2141 ll'esenberg:
858 2102 1038 2133 universus
1050 2102 1078 2131 L
1094 2104 1244 2142 (marg),
1259 2103 1294 2141 cs.
1307 2102 1401 2134 Tusa
1413 2103 1431 2133 i.
1445 2114 1498 2142 90.

177 2144 295 2174 Totum
313 2145 419 2175 locum
437 2146 481 2174 ita
500 2146 626 2184 rcjfingt'l
642 2144 781 2185 Madwg
797 2145 1008 2184 Conculcari,
1028 2146 1174 2184 inquam,
1196 2147 1351 2176 miseram
1370 2146 1498 2177 Italiam

170 2188 299 2218 videbis
314 2188 466 2227 proxima
480 2193 609 2218 aestate
621 2193 678 2217 aut
694 2188 832 2218 alterius
846 2192 902 2218 aut
918 2190 1091 2227 utriusque
1106 2189 1307 2220 immanibus
1319 2190 1424 2228 copiis
1438 2191 1502 2230 (vel

169 2231 211 2269 vi,
233 2242 343 2267 manu,
364 2232 485 2270 copiis)
505 2242 547 2261 ex
564 2232 654 2261 omni
673 2242 800 2270 genere
822 2232 981 2266 collectis,
998 2243 1059 2262 nec
1081 2237 1147 2262 tam
1172 2233 1319 2271 direptio
1341 2233 1497 2271 pertime-

169 2276 295 2305 scenda
310 2300 315 2305 .
331 2299 337 2304 .
353 2285 470 2313 .quan1
489 2275 666 2304 universae
688 2275 854 2305 interitus.
891 2275 959 2305 Sed
974 2286 1040 2305 non
1053 2281 1192 2315 possum
1211 2276 1499 2316 milzipersuadeae

171 2319 347 2357 mancipiis
362 2322 552 2357 corruptum
570 2328 634 2347 esse
650 2329 656 2347 ι
680 2322 708 2348 et
723 2318 988 2348 additanmzsmn
1006 2319 1099 2348 Booti
1123 2319 1207 2349 nn'lzi
1221 2319 1347 2349 adridet
1361 2319 1496 2361 <singu-

170 2360 277 2391 lorum
308 2361 529 2403 proscr>iptio
557 2372 619 2401 qno
642 2362 819 2392 universae
846 2366 873 2392 et
898 2363 1108 2400 singulorum
1139 2363 1222 2392 inter
1245 2374 1278 2393 se
1308 2364 1498 2403 respondent

174 2405 210 2433 18
228 2405 416 2445 scripserit]
425 2405 508 2443 sort.
527 2405 714 2444 scripserit,
729 2406 864 2444 scripsit
880 2417 886 2435 ε
911 2405 1096 2445 scripserit,
1109 2406 1196 2436 idem
1210 2407 1290 2436 coni.
1311 2406 1498 2448 li'esenbetg

169 2458 211 2478 20
236 2449 393 2478 mandata
411 2447 472 2478 M:
498 2450 655 2479 mandata
672 2450 729 2479 dat
745 2449 784 2479 I:
809 2449 945 2480 mandat
967 2448 1059 2480 l'1'ct.:
1085 2449 1167 2488 sort.
1188 2451 1345 2481 mandata
1362 2451 1462 2481 iterat

239 2517 308 2540 erc.
326 2517 376 2541 An
394 2517 476 2542 ATT.
1389 2515 1427 2548 17
