1732 2661
742 159 1065 197 PRAEFATIO

238 267 444 311 conquisiti,
476 267 535 301 alii
568 278 653 300 vero
688 265 893 300 amicorum
928 265 1109 300 beneficio
1135 291 1143 299 .
1172 291 1177 296 .
1207 292 1213 299 .
1241 264 1335 300 inter
1369 278 1460 311 quos
1493 279 1566 301 non

236 337 371 368 paucos
402 337 521 370 neque
552 324 797 369 paenitendos
831 324 938 358 nobis
969 324 1254 358 communicavit
1288 325 1339 358 10.
1367 325 1567 360 Sichardus

238 410 245 417 .
273 410 280 417 .
309 411 316 418 .
346 385 458 419 Unde
485 385 622 419 factum
649 389 702 417 est
730 390 767 416 ut
794 389 964 427 coeptum
991 383 1184 426 negocium
1215 383 1396 429 principio
1425 385 1568 420 difficil-

235 441 361 476 limum
386 443 495 487 paulo
522 441 653 475 minori
680 441 835 484 negocio
860 440 1080 474 confecerim
1107 467 1114 474 .
1141 467 1149 475 .
1177 466 1184 474 .
1212 443 1343 476 multas
1367 441 1464 476 enim
1485 443 1569 477 inde

234 500 389 534 mendas
415 499 628 534 sustulimus
654 510 747 543 quae
774 498 916 543 priores
942 498 1146 533 aeditiones
1173 506 1421 543 occuparant:
1457 507 1569 545 atque

235 558 270 591 id
302 564 387 591 ante
417 556 540 591 omnia
571 557 606 590 in
638 555 803 601 epistolis
832 556 877 589 ad
904 555 1078 590 Atticum.
1130 557 1307 590 Attamen
1335 557 1450 590 sicubi
1476 558 1569 592 forte

236 622 385 659 propter
406 615 623 648 mendarum
648 613 899 648 diversitatem
923 613 1126 647 eliciendae
1150 614 1353 649 sententiae
1372 615 1570 648 difficultas

234 673 498 715 suboriebatur,
528 672 743 718 reliquimus
772 679 847 706 tum
878 671 926 706 ibi
956 684 1017 706 eos
1046 673 1155 715 locos,
1184 673 1353 717 praefixis
1382 673 1568 708 literarum

234 731 368 774 formis,
399 732 493 775 signi
521 731 612 773 vice,
641 731 768 765 lectori
799 731 976 764 acutioris
1007 730 1128 764 iudicii
1156 731 1393 766 excutiendos
1419 739 1454 766 et
1481 743 1568 765 con—

235 790 372 824 iectura
391 789 641 834 colligendos.’

235 877 336 913 quae
363 864 481 902 verba
508 863 681 902 indicare
709 870 864 900 cautam
895 870 933 900 et
964 862 1192 912 diligentem
1225 871 1351 902 textus
1382 866 1568 902 constitu-

234 930 326 966 endi
348 928 539 966 rationem
561 928 806 966 videbantur.

289 993 551 1033 Cratandrum
570 993 786 1032 editionem
805 993 1089 1031 Ascensianam
1108 995 1323 1032 secundam
1340 1007 1446 1032 anno
1468 1007 1565 1043 1522

234 1057 335 1110 (A2),
358 1072 459 1108 quae
485 1058 568 1109 ipsa
592 1059 642 1096 ab
667 1058 841 1097 editione
867 1059 992 1107 prima
1015 1071 1141 1107 eaque
1163 1072 1208 1096 ex
1231 1059 1471 1097 editionibus
1493 1060 1568 1096 Ro-

235 1137 351 1162 mana
373 1123 520 1175 (Rom.)
542 1131 579 1163 et
599 1123 838 1162 Iensoniana
858 1123 948 1175 (Ι)1
973 1137 1074 1173 quae
1095 1125 1319 1173 prodierant
1340 1138 1445 1162 anno
1468 1138 1567 1173 1470

233 1189 421 1239 originem
445 1189 565 1237 duxit,
586 1198 627 1227 ut
648 1190 950 1227 fundamentum
969 1189 1209 1228 recensionis
1227 1203 1319 1228 suae
1336 1189 1476 1241 (1528)
1494 1190 1567 1228 sibi

234 1256 447 1305 sumpsisse
481 1263 659 1294 constat:
703 1256 772 1293 sed
804 1256 945 1292 multas
976 1254 1166 1293 lectiones
1197 1269 1318 1293 novas
1348 1256 1386 1292 in
1418 1263 1566 1293 textum

232 1335 345 1359 suum
366 1321 513 1372 (Crat.)
530 1320 677 1370 primus
701 1319 828 1357 intulit
850 1328 886 1358 et
910 1321 1051 1357 multas
1073 1320 1167 1357 alias
1188 1321 1239 1358 ad
1262 1320 1475 1369 marginem
1495 1319 1567 1371 (C)

231 1385 448 1436 adscripsit.
509 1387 671 1434 Quanto
694 1384 818 1434 pretio
842 1386 951 1422 Crat.
974 1393 1011 1422 et
1037 1386 1072 1423 C
1090 1384 1166 1422 sint
1187 1386 1432 1424 aestimanda
1453 1387 1567 1424 valde

231 1452 482 1501 disceptatur.
558 1451 660 1490 Cum
708 1451 926 1489 Cratander
970 1450 1147 1499 pluribus
1193 1450 1398 1488 codicibus
1441 1450 1567 1500 iisque

232 1531 310 1555 non
341 1517 485 1567 vulgari
517 1515 829 1566 peregrinatione
860 1514 1092 1565 conquisitis
1126 1514 1186 1567 (ut
1217 1515 1299 1566 ipse
1330 1516 1443 1567 dixit)
1474 1530 1566 1555 usus

231 1582 278 1620 sit
306 1591 343 1621 et
368 1596 452 1620 raro
478 1582 703 1620 coniectura
727 1581 905 1631 augurari
928 1580 1098 1619 voluisse
1122 1582 1309 1628 videatur,
1335 1581 1451 1620 etiarn
1474 1581 1504 1620 si
1526 1596 1566 1620 se

229 1650 393 1686 mendas
430 1649 570 1686 multas
605 1647 824 1686 editionum
862 1647 1033 1697 priorum
1071 1648 1273 1687 sustulisse
1305 1649 1455 1694 fatetur,
1487 1647 1565 1686 veri

232 1713 356 1751 simile
378 1727 461 1751 esse
482 1712 635 1751 videtur
661 1714 767 1751 Crat.
790 1720 828 1751 et
852 1714 888 1751 C
908 1712 997 1761 (nisi
1023 1714 1264 1763 ubicumque
1287 1726 1389 1751 error
1409 1720 1565 1762 apertus

230 1778 330 1816 facili
361 1792 433 1816 nec
466 1777 611 1816 incerta
642 1777 860 1816 mutatione
894 1778 1032 1828 corrigi
1063 1777 1233 1829 poterat)
1261 1779 1491 1828 plerumque
1519 1790 1565 1814 ex

228 1843 432 1882 codicibus
458 1844 641 1892 pendere.
702 1845 751 1880 Et
777 1843 923 1881 Gurlitt
950 1857 1059 1894 spem
1089 1844 1262 1882 ostendit
1285 1841 1366 1881 fieri
1388 1854 1503 1891 posse
1523 1848 1565 1878 ut

227 1911 565 1948 demonstraturus
613 1908 661 1946 sit
713 1910 976 1948 Cratandrum
1019 1911 1074 1947 Α2
1119 1910 1339 1948 secundum
1384 1907 1563 1945 codicem

229 1974 611 2013 Laurisheimensem
640 1973 847 2024 diligenter
879 1974 1091 2014 correxisse
1117 1982 1155 2013 et
1187 1976 1296 2014 Crat.
1321 1986 1450 2011 veram
1479 1985 1564 2010 esse

227 2039 437 2089 imaginem
465 2039 613 2077 codicis
647 2040 1000 2078 Laurisbeimensis
1032 2039 1193 2089 (saeculi
1221 2054 1243 2077 x
1264 2039 1323 2076 vel
1341 2037 1394 2088 xi)
1419 2046 1498 2075 tam
1525 2036 1563 2073 in

228 2107 327 2155 Epp.
355 2107 406 2143 ad
436 2107 542 2143 Fam.
573 2105 710 2152 xi—xvi‚
743 2107 792 2144 ad
825 2107 873 2154 Q.
902 2107 972 2152 Fr.‚
1004 2113 1041 2144 et
1069 2107 1120 2144 ad
1147 2107 1228 2142 Att.
1257 2117 1387 2153 quam,
1418 2110 1459 2140 ut
1487 2101 1562 2139 iam

227 2170 378 2220 egregie
394 2172 592 2217 docuerat,
611 2171 650 2208 in
668 2173 769 2221 Epp.
787 2172 837 2209 ad
854 2173 1018 2208 Brutum
1033 2172 1056 2209 ².
1104 2172 1197 2208 Hoc
1214 2181 1400 2218 magnum
1417 2180 1516 2217 opus
1533 2166 1563 2204 si

229 2235 281 2272 vir
303 2235 554 2273 doctissimus
581 2235 784 2286 perfecerit
807 2235 933 2286 (quod
955 2243 996 2273 ut
1018 2234 1191 2284 perficiat
1213 2246 1356 2282 magno
1373 2245 1489 2281 opere
1506 2239 1563 2270 est

271 2321 279 2340 ¹
312 2321 404 2351 Haec
421 2322 524 2352 editio
544 2333 561 2352 e
582 2323 696 2353 codice
712 2323 766 2361 qui
781 2322 820 2351 ab
834 2321 875 2351 M
890 2331 957 2351 uon
978 2321 1144 2360 pendebat
1161 2320 1312 2350 confecta
1330 2324 1401 2349 est:
1428 2319 1468 2350 cf.
1484 2319 1561 2348 adn.

229 2365 268 2395 ad
288 2365 359 2395 xiii.
379 2375 431 2403 25.
452 2376 494 2403 3:
520 2366 585 2396 xvi.
611 2376 659 2396 10.
680 2377 707 2399 2.
729 2371 761 2395 et
779 2375 891 2403 saepe.

271 2407 283 2426 ²
308 2407 630 2447 Handsclzrg'ftliclzes
658 2409 732 2439 und
758 2407 1000 2438 Tartkritz'sclies
1027 2417 1068 2436 zu
1098 2407 1221 2437 Ciceros
1248 2405 1418 2446 Epistulae
1443 2405 1490 2435 ad
1513 2404 1559 2437 M.

229 2451 379 2480 Brutum
401 2453 432 2481 in
457 2451 700 2490 ‘Philologus'
726 2453 815 2490 1896.
838 2461 882 2490 pp
911 2453 1072 2489 318-340.
1095 2450 1272 2489 praecipue
1291 2460 1343 2488 pp.
1364 2451 1437 2488 328,
1457 2459 1531 2487 329.
