1732 2661
576 187 688 223 EPP.
722 187 799 222 Al)
831 185 1091 224 ATTICVM
1485 186 1514 222 I.
1538 185 1613 222 xiii

239 296 339 334 Sunt
359 303 490 334 autem
511 303 600 346 post
621 295 838 334 discessum
867 309 890 333 a
917 309 979 334 me
1005 303 1116 333 tuum
1138 309 1196 334 res
1218 295 1360 346 dignae
1381 295 1515 334 litteris
1536 306 1560 333 2

184 361 337 407 nostris,
371 362 441 399 sed
470 374 551 399 non
582 360 893 399 committendae
922 360 1006 399 eius
1037 360 1146 399 modi
1176 362 1351 411 periculo
1381 368 1423 399 ut
1449 368 1516 398 aut

183 425 339 464 interire
372 433 439 463 aut
472 425 613 475 aperiri
647 434 713 463 aut
748 425 927 475 intercipi
959 425 1120 475 possint.
1193 425 1369 463 Primum
1402 424 1517 475 igitur

183 491 281 529 scito
302 490 471 540 primum
493 504 556 528 me
577 504 658 528 non
673 504 757 529 esse
778 498 956 540 rogatum
978 490 1213 529 sententiam
1234 490 1516 541 praepositum-

144 569 160 599 5
183 570 259 606 que
286 569 371 595 esse
396 555 511 594 nobis
532 556 823 606 pacificatorem
846 557 1118 606 Allobrogum,
1142 556 1263 606 idque
1292 557 1516 594 admurmu-

182 630 291 659 rante
321 630 458 659 senatu
489 635 618 670 neque
649 635 711 659 me
742 621 864 660 invito
894 635 978 660 esse
1008 623 1166 660 factum.
1227 622 1321 659 Sum
1350 621 1455 660 enim
1477 629 1514 659 et

181 686 232 723 ab
253 687 501 724 observando
522 685 684 724 homine
706 699 887 735 perverso
915 686 1012 725 liber
1032 695 1070 724 et
1091 688 1141 724 ad
1163 686 1392 736 dignitatem
1415 686 1453 724 in
1475 700 1515 724 re

181 751 341 800 publica
370 750 617 789 retinendam
648 759 785 789 contra
805 751 907 789 illius
932 753 1176 790 voluntatem
1207 753 1372 795 solutus,
1393 759 1430 790 et
1452 751 1515 789 ille

182 817 380 854 secundus
410 816 450 853 in
480 816 653 854 dicendo
675 818 784 854 locus
807 817 926 855 habet
955 817 1229 855 auctoritatem
1259 830 1385 867 paene
1415 816 1515 866 prin-

125 892 162 914 10
181 880 279 930 cipis
300 889 338 919 et
358 882 600 919 voluntatem
623 895 703 919 non
726 881 841 919 nimis
863 881 1087 920 devinctam
1114 881 1308 920 beneficio
1329 881 1512 920 consulis.

181 946 337 985 Tertius
365 954 423 984 est
452 947 627 993 Catulus,
652 955 823 996 quartus,
848 947 877 985 si
906 947 1023 985 etiam
1052 948 1128 986 hoc
1156 947 1320 997 quaeris,
1346 949 1516 986 Horten-

180 1011 270 1050 sius.
320 1012 471 1051 Consul
493 1019 625 1050 autem
647 1011 730 1061 ipse
752 1025 871 1061 parvo
892 1012 1026 1050 animo
1048 1020 1085 1050 et
1107 1026 1228 1062 pravo
1250 1020 1382 1050 tamen
1405 1012 1517 1050 cavil-

180 1078 278 1115 lator
297 1090 439 1126 genere
460 1076 526 1115 illo
554 1090 712 1115 moroso
737 1078 846 1126 quod
871 1076 988 1115 etiam
1014 1077 1098 1115 sine
1123 1076 1330 1116 dicacitate
1357 1077 1513 1124 ridetur,

180 1142 279 1180 facie
307 1141 428 1191 magis
450 1155 568 1191 quam
594 1141 743 1179 facetiis
772 1141 969 1188 ridiculus,
994 1141 1090 1179 nihil
1117 1155 1237 1192 agens
1265 1155 1354 1180 cum
1382 1155 1422 1180 re
1449 1155 1516 1192 pu-

124 1220 159 1252 15
181 1207 295 1253 blica,
318 1207 518 1245 seiunctus
542 1207 593 1245 ab
621 1206 888 1257 optimatibus,
912 1221 934 1245 a
962 1221 1041 1257 quo
1069 1207 1166 1245 nihil
1187 1221 1318 1257 speres
1340 1206 1435 1246 boni
1462 1206 1515 1245 rei

180 1272 362 1322 publicae
392 1271 484 1322 quia
513 1285 594 1310 non
622 1273 715 1318 vult,
739 1271 835 1309 nihil
866 1285 997 1322 speres
1028 1272 1119 1310 mali
1150 1273 1242 1322 quia
1272 1286 1351 1311 non
1381 1273 1511 1310 audet.

182 1337 277 1375 Eius
315 1344 447 1374 autem
487 1338 651 1386 conlega
685 1344 723 1375 et
758 1336 797 1374 in
834 1350 896 1375 me
928 1337 1239 1386 perhonorificus
1274 1345 1312 1375 et
1346 1337 1513 1387 partium

180 1401 379 1440 studiosus
408 1415 454 1439 ac
484 1402 668 1440 defensor
697 1401 901 1439 bonarum.
963 1401 1043 1450 Qui
1064 1415 1169 1440 nunc
1190 1401 1324 1440 leviter
1351 1402 1450 1441 inter
1474 1416 1514 1441 se
1534 1405 1557 1442 3

179 1466 382 1504 dissident.
443 1467 521 1504 Sed
553 1479 687 1504 vereor
725 1479 774 1504 ne
809 1467 885 1503 hoc
922 1467 1030 1515 quod
1069 1465 1258 1505 infectum
1292 1474 1351 1505 est
1385 1475 1514 1517 serpat

122 1547 161 1567 20
179 1531 343 1581 longius.
406 1531 538 1570 Credo
569 1530 675 1568 enim
701 1538 738 1569 te
762 1531 929 1576 audisse,
954 1544 1044 1569 cum
1074 1533 1181 1581 apud
1203 1533 1413 1571 Caesarem
1444 1546 1516 1582 pro

179 1598 328 1647 populo
350 1598 468 1642 fieret,
494 1596 647 1634 venisse
669 1610 716 1634 eo
738 1595 919 1634 muliebri
940 1596 1081 1634 vestitu
1102 1596 1238 1643 virum,
1261 1597 1381 1647 idque
1403 1598 1514 1636 sacri-

179 1661 311 1699 ficium
341 1675 431 1699 cum
464 1661 630 1710 virgines
662 1660 953 1707 instaurassent,
984 1661 1226 1699 mentionem
1257 1676 1279 1700 a
1305 1664 1353 1711 Q.
1378 1662 1514 1702 Corni-

179 1727 268 1765 ficio
299 1727 338 1764 in
367 1735 504 1765 senatu
527 1728 669 1765 factam
693 1726 741 1776 (is
766 1726 837 1764 fuit
864 1725 1056 1776 princeps,
1081 1740 1130 1765 ne
1151 1735 1192 1765 tu
1214 1729 1311 1766 sorte
1340 1728 1512 1778 aliquem

178 1800 356 1830 nostrum
378 1793 509 1843 putes)
527 1808 536 1839 ς
566 1800 703 1842 postea
724 1806 803 1830 rem
827 1805 873 1830 ex
894 1799 1051 1830 senatus
1073 1795 1254 1831 consulto
1275 1795 1325 1831 ad
1346 1794 1513 1843 virgines

121 1872 158 1903 ²5
178 1864 296 1907 atque
325 1859 376 1896 ad
407 1857 613 1907 pontifices
643 1859 803 1895 relatam
835 1857 955 1906 idque
981 1857 1032 1895 ab
1059 1857 1104 1895 iis
1131 1859 1240 1896 nefas
1267 1872 1352 1896 esse
1383 1860 1512 1898 decre-

179 1929 288 1969 tum;
317 1922 463 1960 deinde
490 1936 537 1960 ex
564 1930 722 1960 senatus
751 1923 933 1960 consulto
960 1923 1143 1960 consules
1164 1923 1405 1973 rogationem
1428 1938 1512 1974 pro-

179 1988 398 2036 mulgasse3
441 1987 551 2026 uxori
591 1988 801 2026 Caesarem
843 1986 1026 2025 nuntium
1066 1987 1271 2026 remisisse.
1351 1990 1397 2026 In
1437 1990 1511 2027 hac

178 2065 296 2090 causa
327 2051 418 2090 Piso
447 2051 620 2090 amicitia
652 2054 692 2089 P.
718 2051 835 2090 Clodi
858 2053 1000 2090 ductus
1023 2065 1181 2102 operam
1212 2054 1279 2091 dat
1309 2061 1350 2091 ut
1381 2067 1426 2091 ea
1455 2067 1511 2091 ro-

177 2116 282 2165 gatio
303 2129 422 2166 quam
450 2116 533 2166 ipse
560 2117 631 2154 fert
661 2123 698 2154 et
723 2117 794 2154 fert
824 2130 870 2154 ex
897 2124 1054 2155 senatus
1085 2119 1267 2156 consulto
1294 2125 1331 2155 et
1356 2119 1405 2156 de
1430 2118 1511 2156 reli-

119 2195 159 2227 30
178 2180 294 2230 gione
324 2181 558 2230 antiquetur.
621 2183 807 2219 Messalla
829 2183 1082 2220 vehementer
1102 2183 1234 2220 adhuc
1260 2183 1338 2231 agit
1365 2196 1507 2221 severe.

222 2281 242 2309 8
267 2280 478 2309 retinendam
497 2284 616 2310 contra
633 2290 697 2309 om.
719 2278 771 2308 Ml
896 2290 916 2318 9
942 2290 1050 2319 paene
1068 2291 1134 2311 om.
1154 2279 1207 2309 Ml
1336 2291 1373 2310 12
1397 2286 1509 2312 tamen

179 2322 266 2353 codd.
286 2335 292 2353 z
317 2328 448 2352 tantum
464 2327 533 2353 vert.
709 2333 747 2361 14
773 2333 846 2352 cum
865 2321 917 2352 llll
937 2335 943 2353 :
968 2324 1001 2353 in
1020 2323 1075 2352 M²
1242 2325 1281 2354 16
1305 2335 1421 2363 speres
1437 2326 1507 2356 secl.

173 2365 304 2395 Baiter:
331 2371 462 2397 metuas
488 2366 603 2405 Iforl.
634 2369 707 2396 recte
837 2377 878 2404 24
903 2367 943 2396 ad
975 2367 1123 2404 virgines
1155 2371 1256 2406 atque
1288 2366 1376 2398 codd.
1407 2367 1444 2399 O.
1466 2368 1507 2400 E.

172 2408 325 2438 Schmidt
343 2409 413 2450 (scd
426 2411 453 2440 is
470 2411 522 2449 et)
539 2422 545 2440 :
569 2411 609 2440 ad
627 2419 772 2449 augures
789 2415 890 2449 atque
908 2410 963 2440 Fr.
979 2409 1132 2440 Schmidt
1147 2410 1270 2440 [Wiiller
1285 2422 1291 2441 :
1315 2411 1383 2441 secl.
1397 2411 1511 2442 Baiter

178 2451 302 2490 Tyrrcll
431 2464 473 2492 29
497 2458 532 2483 et
551 2453 631 2493 fert]
651 2459 683 2483 et
702 2453 780 2483 fecit
798 2453 850 2483 M¹
954 2458 986 2483 et
999 2464 1063 2485 om.
1083 2454 1152 2486 Cet
1167 2453 1283 2485 codices
1299 2453 1507 2495 Malaspinae

173 2505 215 2533 30
238 2497 308 2534 agit
326 2500 360 2526 et
375 2506 495 2527 severe
516 2496 612 2527 Clark
628 2497 694 2528 coll.
714 2497 780 2528 xvi.
805 2507 853 2536 15.
868 2507 887 2527 2
