1773 2651
252 176 321 213 VI.
346 175 391 212 vi
701 175 756 211 M.
789 175 958 212 TVLLI
990 174 1296 214 CICERONIS

327 286 521 333 miseram,
558 286 626 336 qui
659 287 831 324 Romam
871 293 1062 324 venerunt
1101 285 1212 324 factis
1251 286 1509 336 sponsalibus.
1581 288 1659 326 Sed

326 353 402 390 hoc
434 365 548 402 spero
579 351 718 390 melius
734 366 743 399 3
782 350 963 389 mulieres
998 350 1160 401 quidem
1193 351 1307 390 valde
1342 351 1525 402 intellego
1557 353 1659 390 dele-

325 417 419 455 ctari
454 417 648 467 obsequio
684 424 722 455 et
753 415 940 455 comitate
974 415 1250 454 adulescentis.
1311 416 1453 455 Cetera
1486 415 1566 455 noli
1602 418 1656 463 ἐξ-

325 483 542 529 αΚανθίζΕίν·

281 561 305 589 2
380 549 458 587 Sed
486 549 582 586 heus
611 550 675 585 tu!
705 547 841 597 πυροὺς
862 549 910 588 εἰς
937 547 1053 598 δῆμον
1073 546 1271 585 Athenis?
1305 548 1433 597 placet
1458 548 1534 585 hoc
1559 546 1659 586 tibi?
1678 562 1694 593 5

327 613 409 651 Etsi
450 627 529 651 non
569 613 841 663 impediebant
880 612 957 651 mei
996 620 1100 651 certe
1139 611 1236 649 libri.
1308 613 1402 650 Non
1441 612 1546 650 enim
1586 611 1659 650 ista

324 678 475 729 largitio
496 678 566 716 fuit
588 678 627 715 in
656 678 749 716 civis
780 679 849 717 sed
880 678 920 716 in
951 677 1125 728 hospites
1153 676 1372 715 liberalitas.
1435 679 1503 716 Me
1525 685 1657 716 tamen

323 745 373 782 de
396 743 636 782 Academiae
657 745 835 795 προπύλῳ
864 743 975 781 iubes
997 742 1177 792 cogitare,
1201 755 1293 781 cum
1321 742 1397 780 iam
1427 742 1578 793 Appius
1607 744 1657 782 de

326 809 510 848 Eleusine
532 823 612 847 non
640 809 815 859 cogitet?
874 811 934 847 De
961 807 1180 847 Hortensio
1202 815 1238 846 te
1262 815 1369 846 certo
1396 807 1478 846 scio
1499 809 1657 855 dolere3

324 875 510 925 equidem
532 874 731 913 excrucior
747 889 756 922 3
785 875 985 913 decreram
1013 873 1119 912 enim
1140 886 1231 912 cum
1255 887 1303 912 eo
1324 874 1437 912 valde
1465 873 1656 912 familiari-
1678 889 1717 911 10

324 947 381 978 ter
401 940 538 978 vivere.

279 1018 304 1055 3
380 1007 464 1044 Nos
485 1004 708 1055 provinciae
729 1004 988 1055 praefecimus
1010 1003 1202 1044 Coelium.
1266 1008 1274 1024 ‘
1289 1006 1480 1043 Puerum'
1501 1005 1653 1055 inquies

326 1074 387 1110 ‘et
417 1072 578 1109 fortasse
608 1072 758 1108 fatuum
791 1078 829 1108 et
861 1083 941 1108 non
972 1083 1129 1119 gravem
1159 1077 1197 1107 et
1227 1082 1307 1107 non
1338 1069 1653 1109 continenteml'

324 1135 560 1183 Adsentior3
591 1135 671 1174 fieri
703 1148 782 1173 non
813 1134 940 1185 potuit
969 1134 1088 1172 aliter.
1149 1135 1253 1172 Nam
1283 1147 1380 1184 quas
1411 1136 1534 1174 multo
1563 1143 1653 1174 ante

325 1209 410 1239 tuas
431 1214 659 1251 acceperam
688 1200 833 1238 litteras
860 1200 900 1237 in
927 1199 1072 1249 quibus
1097 1200 1240 1250 ἐπέχειν
1261 1206 1298 1237 te
1325 1199 1532 1250 scripseras
1558 1200 1654 1250 quid
1677 1213 1713 1245 15

325 1274 426 1304 esset
454 1266 549 1304 mihi
579 1265 805 1304 faciendum
835 1266 885 1303 de
915 1264 1187 1314 relinquendo,
1210 1278 1280 1303 eae
1310 1278 1372 1303 me
1402 1265 1630 1315 pungebant
1647 1281 1656 1313 ς

324 1331 508 1369 videbam
547 1330 652 1368 enim
692 1343 793 1379 quae
832 1329 902 1367 tibi
941 1336 1071 1368 essent
1111 1332 1248 1381 ἐποχῆς
1287 1343 1438 1376 causae,
1475 1338 1513 1368 et
1547 1339 1656 1369 erant

324 1397 487 1435 eaedem
519 1395 624 1433 mihi.
687 1397 813 1433 Puero
848 1396 1029 1433 tradere?
1071 1395 1174 1433 fratri
1208 1397 1371 1433 autern?
1436 1397 1540 1434 Illud
1575 1410 1655 1434 non

324 1461 418 1500 utile
452 1461 576 1500 nobis.
637 1462 741 1498 Nam
776 1467 927 1510 praeter
961 1461 1117 1498 fratrem
1149 1473 1268 1498 nemo
1300 1468 1380 1498 erat
1418 1474 1536 1511 quem
1572 1461 1655 1501 sine

324 1526 564 1565 contumelia
580 1525 788 1576 quaestori,
807 1525 930 1563 nobili
951 1525 1188 1575 praesertim,
1204 1527 1446 1564 anteferrem.
1488 1528 1652 1574 Tamen,
1677 1544 1717 1566 20

324 1593 420 1630 dum
447 1592 676 1642 impendere
698 1591 830 1628 Parthi
858 1589 1102 1637 videbantur,
1127 1598 1337 1629 statueram
1366 1592 1521 1629 fratrem
1546 1592 1656 1630 relin-

324 1671 443 1707 quere
463 1664 529 1695 aut
551 1657 667 1695 etiam
690 1656 743 1694 rei
764 1655 945 1705 publicae
961 1669 1080 1694 causa
1100 1664 1236 1694 contra
1252 1664 1410 1695 senatus
1431 1659 1655 1695 consultum

325 1722 407 1772 ipse
435 1735 644 1760 remanere.
706 1720 786 1769 Qui
814 1729 951 1771 postea
978 1734 1097 1771 quam
1125 1721 1344 1759 incredibili
1372 1721 1555 1761 felicitate
1582 1723 1657 1761 dis-

325 1794 524 1826 cesserunt
545 1786 699 1823 sublata
725 1784 919 1823 dubitatio
949 1792 1017 1823 est.
1074 1785 1271 1824 Videbam
1299 1800 1509 1833 sermones,
1532 1790 1541 1806 ‘'
1560 1787 1653 1835 Hui,

326 1855 479 1891 fratrem
508 1851 686 1901 reliquit!
745 1852 853 1889 Num
882 1858 940 1889 est
970 1852 1045 1889 hoc
1076 1864 1156 1889 non
1186 1853 1273 1901 plus
1303 1865 1450 1889 annum
1479 1852 1656 1891 obtinere
1679 1866 1715 1898 ²5

326 1917 597 1969 provinciam?
654 1916 762 1965 Quid
793 1917 901 1966 quod
931 1924 1090 1954 senatus
1120 1930 1187 1955 eos
1215 1916 1336 1955 voluit
1365 1930 1544 1966 praeesse
1574 1931 1656 1968 pro-

326 1982 463 2021 vinciis
497 1981 564 2032 qui
594 1995 674 2019 non
710 1980 998 2030 praefuissent?
1054 1983 1107 2019 At
1141 1981 1204 2019 hic
1239 1981 1447 2019 triennium
1467 1984 1495 2019 1'
1554 1984 1657 2032 Ergo

282 2058 307 2095 4
327 2050 424 2087 haec
445 2049 495 2086 ad
523 2048 726 2097 populum.
787 2046 895 2095 Quid
924 2060 1024 2096 quae
1055 2048 1216 2085 tecum?
1272 2048 1501 2096 Numquam
1529 2061 1655 2086 essem

327 2114 411 2152 sine
450 2126 552 2159 cura,
594 2111 624 2149 si
664 2111 759 2161 quid
799 2111 1024 2150 iracundius
1065 2111 1388 2150 contumeliosius
1426 2120 1493 2150 aut
1531 2114 1657 2163 negle-

326 2178 490 2228 gentius,
515 2190 616 2227 quae
643 2178 714 2215 fert
734 2176 812 2214 vita
840 2176 1057 2214 hominum.
1119 2176 1226 2225 Quid
1252 2176 1283 2214 si
1311 2176 1407 2226 quid
1434 2176 1534 2215 filius
1561 2191 1657 2227 puer
1677 2189 1718 2221 30

328 2251 365 2281 et
387 2256 482 2292 puer
502 2242 604 2280 bene
632 2241 705 2279 sibi
727 2242 883 2279 fidens?
912 2241 978 2290 qui
1001 2249 1101 2279 esset
1129 2243 1269 2279 dolor?
1299 2255 1416 2290 quem
1442 2249 1550 2290 pater
1577 2255 1656 2279 non

329 2307 552 2346 dimittebat
597 2314 714 2356 teque
752 2306 791 2344 id
831 2319 990 2344 censere
1030 2308 1193 2344 moleste
1231 2307 1388 2344 ferebat.
1461 2308 1514 2344 At
1552 2320 1657 2344 nunc

377 2413 415 2442 18
439 2411 607 2442 traderem
632 2408 676 2440 Ζὸ
743 2409 851 2450 fratri]
868 2409 948 2448 sort.
971 2420 1013 2441 an
1041 2409 1155 2440 fratri?
1190 2409 1283 2440 fratri
1368 2413 1444 2452 post
1468 2409 1552 2440 Illud
1579 2408 1653 2440 add.

332 2466 400 2487 non
419 2455 465 2488 rei
484 2454 648 2496 publicae,
667 2454 730 2485 hoc
749 2452 888 2495 Madvig
1021 2463 1059 2494 19
1085 2453 1152 2486 Iam
1170 2452 1253 2485 Reid
