1732 2661
590 200 702 235 EPP.
734 199 812 234 AI)
843 196 1103 234 ATTICVM
1479 194 1507 230 I.
1533 194 1609 229 xvi

170 311 468 363 magistratibus.
548 311 847 359 Responsurum
908 306 1111 344 hominem
1171 318 1291 342 nemo
1347 304 1505 342 arbitra-

170 379 294 417 batur.

485 428 653 467 ''Emi-ere
681 432 745 467 νῦν
772 445 847 477 μοι,
879 430 1087 465 Μοῦσαι*

493 495 617 535 ὅππως
645 495 690 543 δὴ
718 497 864 543 πρῶτον
890 495 963 542 πῦρ
993 493 1144 542 ἔμπεσε.

135 578 149 609 5
225 560 341 599 Nosti
381 561 547 599 Calvum
588 573 634 597 ex
669 557 914 596 Nanneianis
954 557 1074 603 illum,
1111 556 1221 593 illum
1261 556 1505 593 laudatorem

171 640 314 672 meum,
339 626 388 663 de
413 624 524 662 cuius
552 624 730 663 oratione
759 637 848 673 erga
876 636 939 660 me
966 621 1185 659 honorifica
1209 622 1260 658 ad
1282 629 1319 658 te
1347 620 1508 669 scripse-

171 704 263 728 ram.
323 689 454 728 Biduo
474 703 543 739 per
564 703 688 727 unum
717 702 872 726 servum
894 695 932 725 et
959 700 1049 725 eum
1078 700 1125 724 ex
1151 686 1247 723 ludo
1274 683 1507 734 gladiatorio

171 754 340 794 confecit
370 762 497 792 totum
528 753 756 804 negotium;
790 752 989 791 arcessivit
1019 752 1070 789 ad
1101 765 1152 797 se,
1181 749 1370 800 promisit,
1394 749 1507 786 inter-

171 820 297 867 cessit,
321 819 441 859 dedit.
504 821 589 857 Iam
619 832 711 857 vero
740 818 781 868 (o
811 818 851 856 di
881 817 987 863 boni,
1012 830 1094 855 rem
1124 815 1318 866 perditam
1337 814 1363 865 1)
1387 814 1506 852 etiam

118 902 156 924 10
172 893 308 924 noctes
324 893 516 923 certarum
534 884 742 922 mulierum
764 891 882 933 atque
903 882 1291 920 adulescentulorum
1313 878 1505 917 nobilium

172 949 485 988 introductiones
517 963 598 987 non
634 948 750 986 nullis
785 947 983 986 iudicibus
1015 960 1086 996 pro
1119 944 1311 984 mercedis
1346 945 1507 982 cumulo

171 1017 337 1054 fuerunt.
400 1017 460 1053 Ita
489 1028 647 1053 summo
677 1013 853 1052 discessu
884 1013 1093 1058 bonorum,
1118 1012 1236 1061 pleno
1266 1011 1352 1049 foro
1382 1023 1508 1048 servo-

172 1094 257 1118 rum
287 1092 374 1117 xxv
404 1079 554 1118 iudices
586 1079 639 1117 ita
670 1080 788 1116 fortes
821 1086 953 1115 tamen
989 1078 1145 1114 fuerunt
1170 1084 1212 1113 ut
1240 1088 1396 1113 summo
1424 1088 1509 1124 pro-

173 1145 303 1195 posito
332 1144 507 1194 periculo
534 1145 594 1182 vel
625 1143 749 1194 perire
783 1142 991 1180 maluerint
1016 1155 1135 1191 quam
1166 1142 1329 1190 perdere
1359 1138 1504 1177 omnia.

117 1226 153 1257 15
175 1222 279 1247 xxxl
313 1211 469 1248 fuerunt
503 1223 603 1259 quos
635 1210 759 1246 fames
791 1207 914 1258 magis
946 1220 1065 1256 quam
1101 1207 1205 1243 fama
1236 1203 1504 1243 commoverit.

175 1276 355 1323 Quorum
378 1275 543 1313 Catulus
570 1287 661 1312 cum
686 1272 847 1311 vidisset
875 1273 1088 1322 quendam,
1115 1270 1246 1319 ‘Quid
1268 1272 1358 1308 vos'
1380 1268 1507 1319 inquit

176 1339 437 1389 ‘praesidium
458 1352 481 1377 a
506 1338 622 1376 nobis
650 1337 941 1388 postulabatis?
969 1350 1019 1374 an
1049 1350 1098 1374 ne
1126 1334 1278 1373 nummi
1302 1334 1415 1372 vobis
1440 1333 1507 1372 eri-

172 1412 356 1454 perentur
392 1403 642 1442 timebatis?'
706 1403 855 1449 Habes,
890 1410 931 1440 ut
964 1400 1194 1440 brevissime
1228 1399 1350 1449 potui,
1382 1412 1505 1449 genus
1525 1402 1553 1439 6

173 1469 293 1508 iudici
320 1476 358 1508 et
384 1482 543 1507 causam
570 1468 842 1507 absolutionis.

115 1553 156 1574 20
229 1534 395 1584 Quaeris
415 1534 604 1583 deinceps
625 1534 692 1583 qui
720 1547 825 1571 nunc
853 1533 901 1571 sit
929 1540 1051 1571 status
1079 1545 1207 1570 rerum
1229 1538 1266 1569 et
1288 1529 1355 1580 qui
1383 1542 1504 1567 meus.

175 1600 250 1638 Rei
271 1599 453 1650 publicae
474 1607 618 1637 statum
640 1599 762 1645 illum,
779 1612 898 1649 quem
920 1606 961 1636 tu
984 1612 1073 1636 meo
1090 1596 1266 1642 consilio,
1284 1609 1356 1645 ego
1373 1595 1508 1633 divino

173 1666 449 1703 confirmatum
477 1665 676 1714 putabam,
701 1664 767 1714 qui
794 1665 990 1702 bonorum
1019 1663 1198 1702 omnium
1227 1660 1509 1700 coniunctione

174 1738 212 1769 et
241 1730 472 1769 auctoritate
502 1731 730 1768 consulatus
762 1729 839 1767 mei
869 1730 967 1766 fixus
999 1736 1036 1766 et
1072 1729 1259 1766 fundatus
1289 1725 1505 1771 videbatur,

175 1795 248 1833 nisi
269 1796 356 1846 quis
378 1809 449 1833 nos
471 1796 569 1833 deus
590 1794 811 1844 respexerit,
829 1795 1006 1843 elapsum
1029 1793 1127 1831 scito
1149 1806 1234 1831 esse
1255 1793 1305 1830 de
1326 1790 1509 1829 manibus

116 1877 154 1907 25
175 1875 256 1899 uno
288 1862 364 1899 hoc
396 1860 552 1907 iudicio,
586 1859 618 1897 si
650 1859 840 1898 iudicium
876 1867 933 1898 est
970 1859 1126 1908 triginta
1161 1857 1343 1896 homines
1374 1854 1509 1906 populi

177 1925 349 1964 Romani
381 1925 600 1964 levissimos
629 1938 676 1962 ac
706 1923 969 1974 nequissimos
1001 1922 1217 1961 nummulis
1247 1920 1420 1970 acceptis
1450 1919 1510 1957 ius

174 2004 219 2028 ac
254 1992 310 2029 fas
342 2004 461 2029 omne
493 1991 623 2028 delere
658 1997 706 2035 et,
740 1990 850 2039 quod
882 2002 1020 2026 omnes
1054 2002 1134 2026 non
1171 1987 1294 2025 modo
1329 1984 1510 2022 homines

175 2069 309 2093 verum
344 2055 462 2093 etiam
497 2055 670 2104 pecudes
705 2055 852 2091 factum
892 2067 977 2091 esse
1017 2053 1150 2099 sciant,
1180 2052 1221 2090 id
1246 2051 1442 2088 Thalnam
1473 2058 1511 2086 et

219 2169 238 2198 5
266 2160 477 2190 Nanneianis
494 2159 580 2189 codd.
597 2159 632 2197 cf.
648 2158 713 2189 Pet.
731 2158 826 2188 Com.
847 2169 867 2196 9
886 2171 892 2188 ε
919 2158 1103 2188 Naevianis
1128 2157 1305 2189 Turnebus,
1323 2155 1388 2185 coll.
1408 2154 1505 2184 Fam.

176 2214 227 2234 xv.
248 2205 277 2233 6.
297 2214 309 2233 1
391 2203 531 2233 alterum
552 2203 641 2232 illum
657 2212 721 2232 om.
745 2201 895 2231 ENHPs
988 2211 1005 2239 7
1032 2202 1110 2231 ludo
1129 2201 1217 2239 glad.
1239 2198 1392 2229 ENOP:
1418 2198 1505 2236 glad.

175 2247 253 2276 ludo
280 2245 373 2276 MHs
540 2247 560 2275 8
584 2246 784 2275 arcessivit.
803 2269 810 2275 .
831 2269 837 2276 .
860 2245 994 2274 suerunt
1022 2245 1054 2282 (l.
1090 2251 1141 2282 13)
1172 2243 1276 2282 adfert
1301 2242 1421 2273 Seneca
1447 2241 1505 2280 Ep.

174 2300 226 2329 97.
246 2301 264 2328 4
396 2301 417 2329 9
441 2300 470 2327 o,
491 2290 522 2319 di
541 2290 585 2318 ita
602 2289 802 2328 inleaepnnxit
819 2287 942 2317 Mt'iller
1077 2297 1113 2326 15
1139 2291 1366 2316 commoveret
1383 2285 1514 2314 Ernesti

178 2335 216 2362 16
240 2333 329 2371 Quid
347 2343 407 2363 vos
424 2357 430 2363 .
453 2357 459 2363 .
481 2357 488 2364 ,
510 2333 723 2371 eriperentur
740 2331 844 2370 adfert
861 2331 979 2361 Seneca
997 2331 1056 2370 Ep.
1078 2341 1129 2369 97.
1152 2332 1173 2360 6
1295 2339 1331 2367 17
1357 2339 1375 2358 a
1391 2327 1509 2358 Seneca

174 2380 204 2406 el
218 2375 264 2406 Zb
280 2387 337 2407 v.c.
356 2375 384 2404 L
405 2376 545 2416 (mmg.)
564 2373 710 2405 EP01I:
737 2386 801 2405 om.
824 2373 918 2404 MHs
1044 2375 1082 2403 18
1107 2374 1276 2403 timebatis
1293 2383 1357 2402 om.
1377 2370 1505 2408 Seneca,

174 2452 230 2484 sed
244 2453 280 2492 cs.
301 2452 390 2483 Plut.
410 2452 469 2482 Cic.
489 2462 539 2490 29.
629 2461 669 2488 24
695 2451 770 2489 quis
784 2450 891 2481 PMs:
914 2450 970 2489 qui
990 2449 1036 2480 E:
1061 2427 1121 2488 qui
1140 2449 1186 2479 O:
1215 2449 1291 2487 quia
1307 2447 1381 2477 NH
1466 2450 1507 2478 28

175 2497 335 2526 Thalnam
348 2496 434 2536 vulg.
449 2495 484 2534 <f
500 2495 588 2525 Fast.
601 2494 696 2525 Cous.
713 2505 742 2524 ιι.
760 2505 792 2525 ιι.
804 2505 827 2524 c.
844 2504 901 2532 591
915 2493 964 2526 C
977 2493 1004 2523 I.
1018 2492 1058 2523 L.
1076 2492 1100 2522 i‘-'
1114 2503 1143 2532 p,
1155 2495 1213 2530 146
1239 2504 1244 2522 :
1262 2492 1402 2522 Talnam
1416 2491 1505 2524 codd.
